1611 2708
235 288 294 332 12
641 308 703 338 DE
741 308 803 339 RE
842 308 1049 343 PVBLch

230 420 336 452 etam
359 413 390 453 si
413 414 479 467 qui
502 414 575 468 ipsi
598 428 683 455 rem
717 417 920 470 publicam
954 435 1033 462 non
1067 424 1262 476 gesserint
1277 440 1289 477 3
1319 437 1454 471 tamen

230 487 419 539 quoniam
437 488 488 528 de
511 502 553 528 re
571 489 732 542 publica
753 492 876 532 multa
895 495 1137 547 quaesierint
1154 507 1194 537 et
1211 499 1454 553 scripserint,

229 558 386 603 functos
409 576 498 603 esse
525 562 658 617 aliquo
691 565 748 604 rei
781 565 967 618 publicae
1002 582 1184 609 munere.
1249 570 1336 613 Eos
1358 588 1457 615 uero

228 641 398 687 septem,
435 647 534 687 quos
570 634 717 675 Graeci
755 637 944 690 sapientis
977 641 1297 694 nominauerunt,
1327 644 1457 684 omnis

228 718 359 758 paene
378 706 498 747 uideo
515 707 554 746 in
571 706 705 746 media
720 722 762 748 re
777 708 939 762 publica
955 724 1044 751 esse
1063 723 1256 754 uersatos.
1303 714 1454 770 Neque

229 777 336 817 enim
359 787 419 818 est
442 778 522 818 ulla
543 793 621 828 res,
643 779 683 818 in
719 793 797 833 qua
829 781 994 835 propius
1017 783 1067 822 ad
1103 784 1272 824 deorum
1306 800 1457 828 numen

228 849 352 890 uirtus
387 849 558 890 accedat
591 850 780 901 humana,
809 865 928 905 quam
965 853 1137 894 ciuitatis
1175 864 1242 895 aut
1279 857 1458 898 condere

227 935 353 962 nouas
376 932 443 963 aut
464 936 706 964 conseruare
728 926 807 965 iam
830 926 1025 967 conditas.

285 993 400 1036 VIII.
455 995 616 1044 Quibus
652 997 702 1036 de
736 997 870 1047 rebus,
907 999 1095 1052 quoniam
1130 999 1243 1040 nobis
1277 1001 1456 1055 contigit,

228 1074 270 1105 ut
291 1065 400 1106 idem
423 1076 463 1107 et
484 1067 523 1107 in
546 1067 723 1120 gerenda
745 1082 789 1107 re
811 1068 973 1121 publica
995 1068 1144 1123 aliquid
1168 1084 1349 1112 essemus
1371 1085 1456 1112 me-

228 1139 355 1179 moria
377 1140 540 1193 dignum
574 1140 779 1179 consecuti
804 1149 843 1178 et
876 1139 914 1179 in
951 1140 1203 1193 explicandis
1237 1142 1456 1182 rationibus

227 1225 363 1251 rerum
400 1211 577 1251 ciuilium
610 1211 812 1265 quandam
842 1209 1073 1251 facultatem
1110 1226 1188 1252 non
1225 1213 1347 1265 modo
1382 1227 1455 1253 usu

227 1268 438 1324 sed-etiarn
462 1282 591 1323 studio
615 1282 796 1323 discendi
819 1291 859 1322 et
893 1282 1066 1322 docendi
1102 1296 1284 1323 essemus
1319 1293 1457 1324 aucto-

227 1367 319 1404 res;
351 1368 445 1394 cum
482 1354 710 1408 superiores
752 1352 802 1392 ali
837 1350 1004 1392 fuissent
1045 1352 1084 1392 in
1127 1352 1458 1407 disputationibus

227 1425 426 1478 perpoliti,
450 1439 620 1478 quorum
643 1437 708 1463 res
734 1432 871 1477 gestae
906 1423 1038 1462 nullae
1073 1424 1374 1476 inucnirentur3
1407 1426 1456 1466 ali

227 1497 265 1536 in
288 1496 467 1550 gerendo
490 1495 732 1550 probabiles,
756 1494 794 1534 in
817 1494 1055 1535 disserendo
1077 1494 1227 1535 rudes:
1260 1510 1336 1536 nec
1359 1510 1458 1538 uero

226 1577 360 1608 nostra
383 1568 584 1622 quaedam
608 1576 668 1607 est
689 1566 931 1607 instituenda
952 1580 1056 1606 noua
1075 1576 1115 1606 et
1137 1581 1159 1607 a
1181 1567 1294 1608 nobis
1316 1569 1455 1608 inuen-

226 1649 266 1680 ta
287 1640 400 1689 ratio,
424 1640 495 1680 sed
519 1639 634 1679 unius
657 1638 797 1679 aetatis
819 1638 1130 1680 clarissimorum
1166 1653 1212 1679 ac
1248 1640 1455 1694 sapientis-

227 1711 417 1753 simorum
439 1720 601 1752 nostrae
625 1712 797 1752 ciuitatis
814 1711 991 1751 uirorum
1021 1712 1235 1766 disputatio
1268 1722 1457 1767 repeten-

227 1782 279 1822 da
300 1783 495 1823 memoria
523 1793 596 1833 est,
621 1797 724 1837 quae
758 1783 854 1822 mihi
889 1783 1039 1837 tibique
1076 1784 1280 1838 quondam
1316 1784 1456 1824 adule-

226 1855 408 1895 scentulo
431 1865 491 1896 est
513 1869 536 1896 a
557 1854 608 1895 P.
633 1855 787 1896 Rutilio
823 1854 934 1895 Ruso
968 1854 1175 1909 Zmyrnae
1210 1869 1305 1895 cum
1340 1854 1456 1896 simul

227 1940 408 1966 essemus
443 1927 660 1981 compluris
695 1926 781 1966 dies
816 1926 1014 1980 exposita,
1049 1926 1087 1966 in
1131 1940 1208 1980 qua
1242 1926 1335 1965 nihil
1372 1925 1456 1965 fere

227 1997 335 2051 quod
357 2011 503 2052 magno
525 2012 649 2052 opere
673 1998 724 2038 ad
746 1997 920 2038 rationes
953 1997 1131 2038 omnium
1166 2011 1299 2037 rerum
1334 1997 1455 2052 perti-

226 2079 341 2110 neret
362 2070 690 2124 praetermissum
714 2078 825 2124 puto.

285 2139 362 2180 IX.
416 2140 526 2181 Nam
548 2155 641 2182 cum
665 2141 715 2181 P.
740 2140 957 2181 Africanus
979 2141 1044 2182 hic
1068 2139 1186 2180 Pauli
1209 2141 1311 2181 filius
1348 2139 1456 2180 seriis

226 2212 355 2252 latinis
407 2212 613 2253 Tuditano
650 2227 761 2253 cons.
813 2222 852 2252 et
901 2213 1063 2267 Aquilio
1104 2212 1373 2253 constituisset
1417 2212 1453 2251 in

225 2283 349 2325 hortis
371 2299 488 2337 esse3
522 2284 897 2339 familiarissimique
921 2284 1007 2325 eius
1034 2285 1084 2325 ad
1109 2299 1202 2324 eum
1226 2283 1455 2338 frequenter

226 2370 298 2410 per
336 2370 405 2397 eos
443 2358 529 2398 dies
566 2358 827 2399 uentitaturos
865 2371 908 2398 se
947 2371 1036 2398 esse
1072 2356 1293 2405 dixissent3
1326 2355 1452 2396 latini<
