1611 2708
663 206 810 238 LIBER
849 207 912 237 vi.
1298 192 1388 240 139

159 326 294 358 autem
317 318 496 367 interest,
515 316 564 358 ab
587 316 647 367 iis,
663 316 730 371 qui
746 325 887 371 postea
907 325 1138 366 nascentur,
1161 329 1389 358 sermonem

159 388 245 430 sore
269 389 320 430 de
341 398 395 439 te,
419 402 513 429 cum
537 389 585 428 ab
607 388 655 428 iis
676 388 807 428 nullus
830 386 946 428 fuerit
969 387 1035 442 qui
1063 397 1154 428 ante
1176 387 1255 427 nati
1279 387 1388 428 sint?

159 451 226 514 qui
247 473 324 500 nec
346 460 574 514 pauciores,
594 467 633 499 et
655 468 765 499 certe
789 459 977 499 meliores
999 458 1160 498 fuerunt
1180 459 1269 499 uiri.

217 529 359 570 XXII.
394 529 504 571 Cum
537 530 774 584 praesertim
813 530 921 584 apud
951 543 1020 570 eos
1055 529 1177 583 ipsos,
1201 545 1224 570 a
1247 530 1390 584 quibus

157 601 286 642 audiri
307 615 455 642 nomen
477 610 655 642 nostrum
690 609 837 655 potest,
871 614 992 640 nemo
1026 601 1142 640 unius
1176 601 1267 641 anni
1303 615 1390 642 me-

156 672 326 713 moriam
369 672 563 727 consequi
599 672 752 726 possit:
784 672 968 712 homines
1005 672 1112 712 enim
1145 672 1392 726 populariter

156 757 306 783 annum
340 744 619 784 tantummodo
654 744 760 794 solis,
798 744 839 784 id
878 752 938 784 est
970 743 1087 784 unius
1122 744 1229 793 astri,
1258 744 1391 792 reditu
1425 729 1428 736 ¹

155 815 400 856 metiuntur:
433 829 526 855 cum
550 825 686 855 autem
708 815 759 855 ad
781 815 906 864 idem,
929 814 1036 854 unde
1060 815 1187 856 semel
1208 813 1391 869 profecta

155 896 260 936 sunt,
297 896 443 926 cuncta
478 896 585 927 astra
620 887 826 936 redierint,
857 885 1112 939 eandemque
1146 886 1266 926 totius
1299 886 1389 926 anni

155 957 471 1012 descriptionem
508 958 636 1011 longis
678 957 898 997 interuallis
939 957 1159 1006 retulerint,
1208 966 1292 997 tum
1323 957 1390 997 ille

155 1042 253 1069 uere
276 1037 439 1069 uertens
462 1043 589 1069 annus
605 1028 797 1083 appellari
814 1037 973 1083 potest3
995 1028 1034 1068 in
1058 1041 1136 1082 quo
1159 1028 1228 1068 uix
1252 1029 1390 1069 dicere

154 1101 302 1151 audeo,
341 1114 462 1156 quam
511 1100 637 1140 multa
688 1099 852 1140 saecula
901 1099 1110 1139 hominum
1161 1108 1387 1140 teneantur.

154 1171 346 1226 Namque
369 1182 411 1212 ut
432 1172 526 1212 olim
557 1171 734 1212 deficere
773 1171 832 1211 sol
864 1170 1092 1212 hominibus
1126 1171 1388 1226 extinguique

155 1243 265 1284 uisus
287 1252 360 1294 est,
383 1258 477 1284 cum
508 1243 674 1284 Romuli
713 1242 868 1283 animus
902 1243 1003 1283 haec
1038 1243 1125 1297 ipsa
1162 1243 1201 1283 in
1238 1243 1389 1298 templa

153 1315 381 1369 penetrauit
395 1330 407 1367 3
429 1316 482 1356 ita
505 1315 747 1370 quandoque
771 1315 916 1354 eadem
939 1324 1053 1368 parte
1077 1314 1136 1354 sol
1158 1314 1388 1370 eodemque

153 1395 337 1440 tempore
360 1387 504 1427 iterum
528 1386 840 1436 defecerit,tum
859 1386 980 1440 signis
997 1387 1182 1427 omnibus
1205 1387 1256 1427 ad
1278 1387 1388 1427 idem

152 1459 395 1512 principium
417 1459 622 1512 stellisque
651 1459 866 1508 reuocatis,
902 1458 1112 1513 expletum
1146 1473 1293 1499 annum
1317 1460 1389 1500 ha-

151 1529 273 1569 beto:
305 1529 423 1570 huius
446 1529 610 1584 quidem
633 1529 724 1569 anni
746 1529 925 1568 nondum
959 1529 1196 1582 uigesimam
1229 1539 1387 1584 partem

153 1600 254 1640 scito
277 1614 367 1640 esse
390 1614 644 1641 conuersam.

213 1670 376 1712 XXIII.
412 1670 622 1719 Quocirca
645 1671 675 1711 si
697 1670 871 1711 reditum
894 1672 932 1710 in
955 1671 1062 1712 hunc
1081 1671 1215 1712 locum
1240 1673 1387 1728 despe-

153 1742 320 1793 raueris,
343 1743 382 1782 in
406 1756 484 1796 quo
506 1742 640 1782 omnia
662 1751 752 1781 sunt
773 1742 928 1795 magnis
951 1752 990 1782 et
1010 1745 1305 1797 praestantibus
1327 1746 1386 1786 ui-

154 1813 234 1865 ris3
268 1814 404 1867 quanti
426 1813 591 1853 tandem
614 1822 674 1854 est
691 1814 764 1854 ista
781 1813 988 1854 hominum
1012 1814 1150 1868 gloria,
1169 1829 1272 1869 quae
1295 1831 1387 1870 per-

153 1885 281 1925 tinere
303 1885 373 1925 uix
397 1885 448 1924 ad
469 1885 585 1925 unius
607 1885 697 1925 anni
723 1894 877 1940 partem
899 1886 1089 1939 exiguam
1111 1886 1274 1941 potest?
1307 1888 1386 1942 Igi-

152 1966 216 1997 tur
239 1957 318 1997 alte
343 1965 528 2011 spectare
551 1957 583 1996 si
606 1957 732 2007 uoles,
757 1966 876 2011 atque
898 1957 1002 1997 hanc
1026 1957 1168 1998 sedem
1198 1967 1238 1998 et
1255 1968 1386 1999 aeter-

153 2043 247 2070 nam
290 2029 455 2069 domum
497 2029 706 2080 contueri3
738 2042 870 2082 neque
904 2038 944 2068 te
987 2029 1238 2070 sermonibus
1276 2030 1385 2085 uulgi

155 2100 331 2150 dederis,
353 2114 430 2140 nec
453 2100 491 2141 in
505 2100 695 2155 praemiis
711 2100 898 2141 humanis
913 2114 1026 2155 spem
1044 2101 1227 2154 posueris
1249 2115 1388 2141 rerum

153 2181 339 2222 tuarum3
372 2172 452 2212 suis
488 2180 527 2212 te
561 2180 719 2227 oportet
749 2171 964 2212 inlecebris
1001 2172 1087 2226 ipsa
1109 2172 1233 2213 uirtus
1255 2173 1385 2213 trahat

154 2244 204 2284 ad
227 2257 369 2285 uerum
392 2243 519 2285 decus
539 2258 549 2284 ε
581 2244 676 2298 quid
700 2244 751 2286 de
774 2253 812 2285 te
836 2244 900 2285 alii
921 2244 1147 2299 loquantur,
1170 2244 1244 2300 ipsi
1268 2244 1382 2285 uide—
