1611 2708
582 241 730 272 LIBER
768 241 818 271 ιι.
1239 225 1303 273 59

84 363 217 405 neque
253 365 351 392 uero
373 351 466 392 satis
487 350 527 390 id
564 350 763 390 annalium
784 348 1034 404 publicorum
1070 348 1303 389 auctoritate

84 422 331 463 declaratum
368 422 566 463 uidemus.
627 421 737 461 Tum
761 420 912 475 Scipio,
944 419 1087 461 salsum
1108 429 1182 470 est,
1214 418 1306 459 Ma-

83 494 165 543 nili,
187 494 325 548 inquit,
362 493 402 533 id
424 502 549 533 totum
567 507 579 543 3
616 505 747 546 neque
769 492 897 532 solum
933 492 1070 532 fictum
1093 491 1164 531 sed
1186 491 1305 531 etiam

84 564 266 618 imperite
304 563 556 617 absurdeque
593 562 730 603 fictum
751 577 761 601 t
794 575 842 602 ea
873 572 963 602 sunt
999 563 1105 602 enirn
1143 562 1306 602 demum

82 648 162 674 non
185 633 352 675 ferenda
372 634 410 674 in
433 634 660 683 mendacio,
691 647 793 688 quae
815 647 904 673 non¹
925 633 1053 673 solum
1076 632 1181 673 facta
1203 646 1306 682 esse,

84 713 146 745 set
165 718 216 744 ne
238 704 324 745 fieri
347 705 509 759 quidem
526 705 702 760 potuisse
725 705 939 745 cernimus.
992 703 1101 744 Nam
1125 713 1307 758 quartum

84 774 163 815 iam
187 789 334 816 annum
365 786 556 831 regnante
593 775 725 817 Lucio
745 775 968 830 Tarquinio
1005 774 1205 829 Superbo,
1231 775 1308 829 Sy-

84 845 212 886 barim
235 855 275 886 et
296 845 518 887 Crotonem
540 857 581 888 et
605 848 643 887 in
667 861 736 888 eas
756 846 893 888 Italiae
914 846 1036 901 partis
1058 845 1310 900 Pythagoras

86 917 244 957 uenisse
266 918 504 972 repperitur.
567 918 780 973 Olympias
802 919 906 958 enim
930 917 1108 958 secunda
1130 926 1170 957 et
1191 930 1310 957 sexa-

85 987 239 1042 gesima
275 989 420 1029 eadem
459 989 632 1044 Superbi
668 990 778 1044 regni
801 989 953 1029 initium
975 998 1016 1029 et
1051 988 1310 1042 Pythagorae

87 1058 267 1100 declarat
288 1060 520 1101 aduentum.
584 1060 652 1101 Ex
676 1075 754 1116 quo
771 1060 960 1114 intellegi,
982 1060 1101 1114 regiis
1118 1060 1229 1100 annis
1251 1059 1311 1099 di-

86 1133 318 1183 numeratis,
340 1144 484 1188 potest,
508 1149 611 1175 anno
633 1134 717 1175 fere
739 1134 961 1175 centesimo
992 1143 1033 1174 et
1054 1132 1311 1187 quadragesi-

87 1217 154 1244 mo
175 1214 264 1258 post
283 1215 454 1246 mortem
483 1205 646 1246 Numae
667 1206 840 1260 primum
861 1205 1015 1245 Italiam
1038 1203 1312 1258 Pythagoram

89 1275 264 1329 attigisse
285 1290 294 1314 :
326 1290 458 1330 neque
480 1277 558 1317 hoc
580 1277 681 1317 inter
703 1291 788 1327 eos,
811 1277 876 1330 qui
900 1275 1198 1329 diligentissime
1221 1289 1312 1329 per-

88 1346 215 1387 secuti
237 1356 327 1387 sunt
346 1356 574 1401 temporum
596 1348 772 1397 annales,
795 1347 875 1387 ulla
911 1356 945 1387 st
966 1360 1156 1400 umquam
1178 1346 1216 1385 in
1239 1346 1312 1386 du·

87 1416 275 1458 bitatione
298 1427 515 1458 uersatum.
578 1418 633 1458 Di
664 1418 907 1467 inmortales,
949 1417 1074 1471 inquit
1108 1416 1312 1466 Manilius,

89 1497 258 1542 quantus
278 1489 352 1529 iste
374 1499 434 1529 est
464 1489 670 1529 hominum
692 1498 732 1528 et
754 1502 874 1542 quam
905 1488 1149 1528 inueteratus
1172 1501 1281 1528 error
1301 1489 1310 1528 !

88 1559 152 1599 Ac
173 1568 307 1599 tamen
339 1558 456 1599 facile
477 1560 605 1614 patior
626 1573 704 1599 non
727 1572 815 1599 esse
851 1572 924 1598 nos
944 1558 1215 1599 transmarinis
1236 1572 1312 1600 nec

88 1631 308 1685 importatis
330 1631 477 1672 artibus
495 1630 686 1680 eruditos,
710 1630 782 1671 sed
804 1629 984 1684 genuinis
1002 1629 1313 1685 domesticisque

89 1702 312 1742 uirtutibus.

148 1771 265 1813 XVI.
298 1773 434 1827 Adqui
475 1773 598 1813 multo
639 1772 679 1812 id
721 1771 874 1812 facilius
911 1784 1146 1825 cognosces,
1188 1771 1314 1825 inquit

88 1843 319 1895 Africanus,
357 1846 387 1885 si
424 1845 746 1900 progredientem
771 1859 855 1884 rem
886 1844 1088 1898 publicam
1121 1843 1252 1898 adque
1274 1844 1314 1884 in

90 1915 284 1970 optimum
307 1925 451 1956 statum
482 1917 650 1957 naturali
672 1916 846 1971 quodam
869 1915 1009 1956 itinere
1041 1924 1081 1955 et
1101 1929 1220 1956 cursu
1242 1929 1315 1956 ue-

90 1988 266 2029 nientem
288 1989 449 2029 uideris.
513 1987 624 2037 Quin
644 1989 722 2029 hoc
754 1989 839 2043 ipso
861 1988 1095 2042 sapientiam
1117 1988 1314 2029 maiorum

91 2069 185 2100 natu
223 2074 311 2101 esse
348 2060 607 2110 laudandum,
646 2060 752 2115 quod
790 2060 913 2099 multa
949 2058 1157 2113 intelleges
1194 2059 1314 2100 etiam

93 2131 252 2172 aliunde
275 2141 404 2172 sumta
419 2132 586 2173 meliora
602 2141 696 2186 aput
716 2145 788 2171 nos
804 2131 928 2171 multo
944 2144 1034 2172 esse
1052 2130 1171 2181 sacta,
1195 2144 1315 2185 quam

92 2203 144 2243 ibi
166 2201 332 2244 fuissent
361 2203 467 2244 unde
488 2204 567 2244 huc
589 2203 777 2244 translata
797 2212 945 2253 essent,
982 2203 1114 2257 adque
1136 2202 1203 2242 ubi
1233 2203 1316 2256 pri-

93 2289 204 2316 mum
227 2275 477 2317 extitissent:
508 2274 795 2329 intellegesque
827 2289 905 2316 non
941 2273 1100 2316 fortuito
1121 2273 1313 2329 populum
