1611 2708
172 253 236 301 '⁰22
485 284 487 287 -
578 270 640 300 DE
678 269 739 300 RE
776 267 983 299 PVBLICA

172 379 458 433 despicientem
493 378 625 419 omnia
658 378 845 428 humana,
888 388 928 418 et
968 376 1153 418 inferiora
1195 381 1396 434 sapientia-

170 450 399 499 dueentem,
422 449 516 489 nihil
538 463 727 503 umquam
750 450 820 489 nisi
838 450 1122 503 sempiternum
1147 459 1186 490 et
1208 450 1386 491 diuinum

169 521 300 560 animo
323 519 534 560 uolutare?
567 521 631 560 cui
662 534 898 573 persuasum
921 521 981 570 sit,
1017 521 1207 575 appellari
1230 532 1389 562 ceteros

166 592 362 641 homines,
397 605 486 631 esse
509 591 613 632 solos
635 606 705 631 eos
740 592 804 645 qui
837 601 971 631 essent
987 578 1112 645 'politi
1134 593 1289 646 propris
1311 593 1385 632 hu-

166 662 363 701 manitatis
397 661 576 702 artibus?
637 662 694 702 Ut
715 663 811 702 mihi
846 662 1024 702 Platonis
1058 663 1154 712 illut,
1191 677 1261 702 seu
1297 664 1385 716 quis

166 732 266 772 dixit
287 732 398 782 alius,
432 733 669 787 perelegans
704 747 793 772 csse
815 733 1026 783 uideatur3
1061 747 1181 786 quem
1204 747 1295 772 cum
1332 747 1385 773 ex

165 804 242 843 alto
276 800 428 857 ignotas
451 804 501 843 ad
523 813 650 849 terras
682 813 900 857 tempestas
933 813 972 843 et
994 804 1032 843 in
1067 803 1271 843 desertum
1293 804 1384 844 litus

164 874 383 924 detulisset,
406 874 635 915 timentibus
666 875 811 915 ceteris
831 884 994 929 propter
1016 875 1303 929 ignorationem
1326 875 1384 915 lo-

163 959 317 994 corum,
361 946 689 987 animaduertisse
724 946 860 986 dicunt
891 947 929 986 in
962 960 1083 986 arena
1116 941 1383 1000 geometricas

162 1014 309 1056 forinas
344 1017 538 1070 quasdam
573 1031 660 1057 esse
696 1017 944 1071 descriptas3
987 1032 1085 1072 quas
1119 1027 1161 1057 ut
1202 1018 1382 1067 uidisset,

162 1087 453 1128 exclamauisse
487 1098 530 1128 ut
561 1088 666 1128 bono
690 1097 823 1128 essent
854 1088 1013 1139 anim03
1046 1089 1185 1128 uidere
1209 1089 1315 1128 enim
1338 1101 1382 1128 se

161 1157 364 1199 hominum
397 1159 589 1213 uestigia:
623 1163 766 1213 “quae
800 1159 991 1199 uidelicet
1012 1159 1076 1199 ille
1108 1174 1186 1199 non
1209 1173 1261 1199 ex
1299 1158 1382 1212 agri

157 1230 374 1282 consitum,
411 1246 530 1285 quam
564 1231 768 1279 cernebat,
804 1231 876 1270 sed
912 1244 964 1270 ex
987 1230 1192 1270 doctrinae
1226 1230 1383 1269 indiciis

160 1302 536 1358 interpretabatur.’'
599 1301 735 1349 Quam
769 1301 819 1341 ob
854 1315 954 1351 rem,
997 1301 1179 1351 Tubero,
1223 1314 1382 1354 semper

161 1379 257 1420 mihi
279 1388 319 1418 et
352 1376 532 1418 doctrina
554 1383 594 1413 et
615 1372 758 1415 eruditi
791 1372 973 1413 homines
996 1380 1036 1413 et
1056 1381 1124 1412 tua
1157 1372 1230 1412 ista
1252 1371 1382 1412 studia

161 1453 412 1508 placuerunt.

219 1522 376 1564 XVIII.
410 1522 519 1563 Tum
542 1520 720 1570 Laelius,
752 1532 831 1559 non
853 1517 983 1558 audeo
1020 1515 1196 1571 quidem,
1230 1512 1381 1566 inquid,

164 1595 214 1635 ad
239 1595 325 1644 ista,
351 1594 502 1650 Scipio,
526 1593 690 1643 dicere;
723 1604 854 1646 neque
876 1599 958 1630 tam
983 1598 1021 1631 te
1045 1597 1111 1629 aut
1133 1585 1295 1627 Philum
1317 1592 1384 1624 aut

165 1665 375 1712 Manilium
400 1695 552 1708 .....

518 1784 753 1814 Desidet-antur
774 1781 914 1821 paginae
937 1781 1028 1811 duae.

225 1919 233 1929 .
253 1920 261 1929 .
285 1889 323 1927 in
346 1887 468 1940 ipsius
499 1895 664 1941 paterno
687 1898 835 1939 genere
870 1882 941 1923 suit
963 1891 1096 1922 noster
1117 1881 1182 1922 ille
1217 1880 1383 1928 amicus,

167 1961 308 2014 dignus
329 1958 422 1998 huic
446 1957 495 1996 ad
518 1957 752 1996 imitandum

168 2030 344 2084 Egregie
367 2028 553 2068 cordatus
575 2027 694 2067 homo
717 2035 830 2066 catus
853 2025 992 2066 Aelius
1017 2024 1194 2074 Sextus3

165 2103 230 2157 qui
254 2101 413 2155 egregie
446 2099 633 2139 cordatus
656 2108 695 2137 et
727 2107 839 2137 catus
862 2096 932 2136 suit
954 2105 994 2136 et
1015 2096 1063 2136 ab
1099 2094 1232 2135 Ennio
1255 2095 1384 2135 dictus

168 2183 241 2223 cst,
263 2187 341 2213 non
366 2171 472 2226 quod
495 2184 542 2210 ea
566 2170 782 2224 quaerebat
812 2182 913 2222 quae
935 2181 1153 2221 numquam
1175 2166 1383 2214 inueniret,

166 2246 237 2286 sed
261 2245 366 2299 quod
403 2258 450 2284 ea
472 2243 753 2297 respondebat,
790 2254 891 2295 quae
915 2255 998 2290 eos,
1022 2240 1087 2294 qui
1122 2239 1382 2293 quaesissent,

169 2325 207 2357 et
239 2331 335 2358 cura
377 2326 414 2357 et
454 2314 613 2369 negotio
656 2313 880 2354 soluerent:
913 2312 1058 2367 cuique
1100 2319 1237 2353 contra
1279 2308 1382 2349 Galli
