1611 2708
175 190 206 235 (3
582 211 644 241 m:
683 213 744 242 RE
788 213 996 245 PVBLICA

175 316 254 355 otio
277 316 562 359 iucundissime
581 321 734 361 uiuere.
790 322 943 362 Omitto
961 323 1258 365 innumerabilis
1280 326 1401 376 uiros,

177 400 344 439 quorum
368 389 507 442 singuli
532 392 644 431 saluti
668 392 760 432 huie
783 393 932 434 ciuitati
955 393 1140 435 fuerunt:
1164 405 1203 435 et
1225 397 1290 450 qui
1314 408 1403 438 sunt

176 457 287 497 haud
308 461 448 512 procul
471 462 519 501 ab
543 463 682 503 aetatis
704 464 820 504 huius
842 466 1051 516 memoria,
1082 480 1402 507 commemorare

178 543 247 568 eos
270 529 423 580 desino,
448 545 497 571 ne
522 534 608 586 quis
634 548 677 574 se
716 544 782 575 aut
819 550 981 576 suorum
1017 537 1191 591 aliquem
1224 547 1405 592 praeter-

178 601 342 641 missum
378 613 579 656 queratur.
643 604 780 646 Unum
822 607 899 647 hoe
936 607 1097 658 definio,
1132 618 1282 648 tantam
1315 622 1404 648 esse

178 675 460 714 necessitatem
495 677 649 717 uirtutis
679 678 815 731 generi
850 678 1056 719 hominum
1087 694 1109 719 a
1143 690 1297 730 natura,
1319 690 1406 720 tan-

179 754 342 798 tumque
366 760 545 787 amorem
570 749 619 788 ad
638 763 895 789 communem
914 751 1083 791 salutem
1106 750 1407 791 defendendam

181 815 331 868 (latum,
355 827 397 858 ut
419 832 468 858 ea
489 819 548 859 uis
570 821 705 861 onmia
726 821 1000 862 blandimenta
1022 823 1236 877 uoluptatis
1257 824 1406 878 otiique

183 887 336 928 uicerit.

239 959 292 1000 II.
358 961 449 1002 Nee
474 977 571 1003 uero
592 964 744 1005 habere
766 966 954 1007 uirtutem
987 966 1080 1007 satis
1112 975 1186 1016 est,
1211 966 1322 1020 quasi
1346 979 1408 1005 ar-

181 1044 262 1071 tem
287 1032 474 1086 aliquam,
510 1035 582 1075 nisi
617 1046 744 1077 utare.
810 1037 898 1079 Etsi
933 1052 997 1078 ars
1033 1038 1210 1092 quidem,
1234 1052 1327 1078 eum
1360 1051 1411 1077 ea

182 1117 260 1142 non
283 1113 410 1155 utare,
444 1107 609 1148 seientia
643 1117 778 1149 tamen
812 1110 898 1164 ipsa
931 1110 1058 1149 teneri
1093 1118 1251 1164 potest3
1286 1109 1410 1149 uirtus

184 1176 218 1214 in
244 1190 315 1215 usu
340 1177 398 1216 sui
420 1186 502 1218 tota
523 1180 651 1233 posita
674 1190 759 1231 est3
792 1196 886 1221 usus
921 1190 1057 1221 autum
1092 1182 1177 1221 eius
1200 1190 1261 1221 est
1281 1180 1411 1220 maxi·-

186 1261 271 1286 mus
309 1248 478 1289 ciuitatis
515 1251 764 1304 gubernatio,
803 1262 843 1293 et
877 1267 1015 1293 earum
1050 1253 1226 1306 ipsarum
1260 1265 1410 1301 rerum=

186 1332 282 1372 quas
303 1319 365 1359 isti
387 1320 426 1360 in
457 1322 610 1374 angulis
645 1333 876 1377 personant,
911 1338 1069 1378 reapse,
1103 1337 1182 1364 non
1216 1323 1411 1372 oratione,

187 1388 395 1443 perfectio.
472 1392 583 1432 Nihil
626 1395 733 1434 enim
768 1395 912 1435 dieitur
946 1410 967 1435 a
1002 1395 1262 1450 philosophis,
1306 1394 1415 1448 quod

186 1461 347 1515 quiden]
372 1473 482 1504 reete
517 1464 765 1521 honesteque
813 1467 981 1517 dicatur,
1018 1467 1125 1521 quod
1158 1481 1240 1507 non
1274 1468 1322 1508 ab
1355 1467 1416 1507 his

187 1543 340 1587 partum
365 1537 726 1592 confirmatumque
757 1539 817 1589 sit,
842 1554 865 1579 a
897 1539 1039 1593 quibus
1070 1538 1296 1579 ciuitatibus
1328 1539 1415 1578 iura

188 1606 390 1661 descripta
412 1617 514 1648 sunt.
579 1608 701 1650 Unde
726 1611 832 1650 enim
854 1609 1014 1666 pietas?
1048 1619 1115 1650 aut
1136 1624 1159 1650 a
1182 1610 1323 1665 quibus
1349 1624 1413 1650 re-

188 1680 280 1734 ligio
296 1680 312 1721 ?
345 1683 453 1722 unde
477 1683 538 1724 ius
556 1692 622 1723 aut
637 1684 830 1738 gentium,
849 1693 916 1723 aut
932 1683 1009 1723 hoe
1027 1683 1157 1736 ipsum
1175 1682 1292 1722 ciuile
1309 1683 1418 1737 quod

190 1753 365 1794 dieitur?
399 1756 506 1795 unde
540 1755 700 1805 iustitia,
735 1755 851 1805 fides,
887 1752 1098 1808 aequitas?
1132 1754 1238 1793 unde
1271 1754 1415 1807 pudor,

190 1824 447 1876 continentia,
471 1825 565 1881 suga
587 1827 810 1881 turpidinis,
827 1825 1056 1880 adpetentia
1079 1825 1208 1865 laudis
1230 1834 1269 1865 et
1290 1825 1416 1865 hone—

190 1897 331 1938 statis?
364 1899 470 1938 unde
494 1899 532 1938 in
556 1899 758 1939 laboribus
781 1907 821 1938 et
842 1897 1031 1952 perieulis
1053 1895 1273 1937 fortitudo?
1303 1909 1416 1935 nem-

193 1983 240 2021 pe
264 1970 313 2009 ab
336 1969 411 2020 his,
436 1971 501 2024 qui
524 1970 627 2010 haee.
652 1969 869 2024 disciplinis
892 1968 1115 2017 informata,
1140 1967 1214 2007 alia
1242 1968 1418 2007 moribus

192 2043 493 2093 ‹·0nfi1·ma1·um‚
532 2052 752 2082 sanxerunt
794 2050 927 2081 autem
965 2040 1040 2080 alia
1074 2039 1242 2092 legibus.
1307 2038 1417 2086 Quin

194 2115 314 2155 etiam
337 2114 598 2155 Xenocraten
622 2113 767 2164 serunt,
792 2113 967 2153 nobilem
1002 2113 1040 2152 in
1075 2112 1211 2166 primis
1244 2111 1419 2166 philoso-

195 2187 332 2241 phum,
368 2201 462 2228 culn
505 2196 766 2241 quaereretur
803 2200 855 2226 ex
890 2199 940 2224 eo
975 2184 1068 2238 qnid
1104 2184 1419 2239 adsequerentur

195 2262 281 2301 eins
304 2262 502 2316 discipuli,
526 2259 796 2315 respondisse,
820 2267 862 2299 ut
891 2258 930 2298 id
966 2271 1036 2298 Sua
1066 2265 1206 2312 sponte
1241 2255 1418 2297 facerent
