1611 2708
208 280 265 324 10
605 296 668 326 DE
706 291 767 325 RE
805 296 1012 327 PVBLICA

260 403 314 444 V.
368 403 452 444 Iam
475 404 539 444 illa
573 403 768 458 perfugia,
793 420 894 460 quae
930 416 1089 446 sumunt
1123 407 1194 453 sibi
1226 408 1275 447 ad
1299 421 1422 449 excu-

205 475 412 524 sationem,
438 490 515 528 quo
545 474 697 516 facilius
723 477 803 516 otio
828 477 1095 531 perfruantur,
1119 488 1228 518 certe
1263 479 1424 519 minime

185 554 291 585 -sunt
313 546 538 596 audienda3
570 561 662 586 cum
686 548 737 587 ita
760 548 909 597 dicunt,
934 550 1133 589 accedere
1157 550 1207 589 ad
1243 563 1330 589 rem
1353 565 1427 604 pu-

205 615 350 655 blicam
373 617 609 670 plerumque
632 618 814 658 homines
837 620 941 658 nulla
965 634 1007 659 re
1029 621 1134 660 bona
1157 621 1311 674 dignos,
1335 635 1426 660 cun]

207 687 348 739 quibus
377 689 601 742 comparari
637 690 1090 744 sordidum,confligere
1126 692 1429 741 amte1n‚multi-

206 757 342 797 tudine
379 760 612 811 praesertim
651 760 824 810 incitata,
855 762 1046 800 miserum
1085 771 1124 801 et
1160 762 1429 816 periculosum

208 828 268 866 sit.
333 827 469 875 Quam
492 830 542 869 ob
565 844 650 869 rem
673 845 805 884 neque
829 832 1016 885 sapientis
1040 847 1128 872 esse
1153 833 1338 887 accipere
1362 833 1433 871 ha-

207 897 346 948 benas,
371 913 463 939 cum
501 901 660 941 insanos
703 911 821 955 atque
865 903 1079 943 indomitos
1120 904 1293 957 impetus
1330 901 1436 956 uolgi

208 970 397 1010 cohibere
420 986 498 1011 non
520 973 657 1025 possit,
680 987 812 1027 neque
846 974 1033 1024 liberalis,
1057 989 1150 1014 cum
1185 974 1350 1028 impuris
1377 983 1435 1013 at-

211 1054 287 1093 que
330 1041 554 1082 inmanibus
592 1044 832 1084 aduersariis
867 1045 1157 1095 decertantem,
1193 1045 1259 1084 uel
1296 1054 1435 1084 contu-

210 1111 419 1152 meliarum
442 1115 613 1154 uerbera
648 1116 795 1165 subire,
818 1116 884 1155 uel
916 1104 1134 1170 expectare
1159 1115 1326 1169 sapienti
1358 1126 1437 1154 non

212 1181 400 1223 serendas
422 1184 609 1224 iniurias:
642 1187 809 1239 proinde
846 1188 955 1240 quasi
982 1187 1096 1226 bonis
1131 1197 1171 1226 et
1205 1186 1370 1226 sortibus
1400 1194 1439 1225 et

211 1268 357 1306 magno
381 1255 511 1295 animo
534 1257 726 1309 praeditis
749 1257 827 1296 ulla
849 1258 897 1296 sit
920 1258 969 1297 ad
1000 1272 1086 1296 rem
1116 1257 1319 1310 publicam
1343 1256 1439 1295 ade-

212 1326 306 1364 undi
329 1340 452 1365 eausa
473 1327 623 1375 iustior,
649 1341 768 1379 quam
787 1341 836 1366 ne
860 1336 1026 1380 pareant
1049 1327 1238 1380 inprobis,
1262 1340 1366 1365 neue
1391 1325 1439 1365 ab

213 1396 341 1437 isdem
376 1396 543 1436 lacerari
577 1411 663 1436 rein
698 1397 900 1449 publicam
926 1398 1139 1450 patiantur,
1159 1412 1250 1436 cum
1276 1397 1346 1450 ipsi
1372 1412 1440 1436 au-

214 1467 352 1507 xilium
378 1466 481 1508 ferre
505 1468 534 1507 si
559 1468 733 1521 cupiant,
752 1482 830 1507 non
855 1477 1015 1522 queant.

275 1538 348 1578 VI.
402 1539 474 1578 Illa
497 1549 631 1578 autem
654 1539 843 1592 exceptio
877 1539 942 1579 cui
975 1540 1134 1593 probari
1168 1539 1332 1579 tandem
1354 1548 1442 1593 pot-

218 1620 290 1661 est,
320 1611 426 1665 qnod
461 1620 621 1664 negant,
654 1610 876 1664 sapientem
912 1620 1192 1664 suscepturum
1227 1610 1349 1649 ullam
1384 1609 1442 1649 rei

216 1682 401 1737 publicae
425 1691 593 1735 partem,
610 1691 723 1721 extra
747 1696 866 1735 quam
889 1682 919 1721 si
943 1696 1036 1721 eum
1058 1691 1217 1734 tempus
1240 1690 1279 1720 et
1300 1694 1444 1719 neces-

219 1754 312 1793 sitas
346 1752 554 1806 coegerit?
589 1753 699 1806 quasi
728 1766 824 1792 uero
854 1753 979 1792 maior
1008 1753 1196 1806 cuiquam
1225 1752 1445 1792 necessitas

219 1824 407 1864 accidere
430 1824 567 1877 possit,
591 1837 710 1878 quam
743 1823 890 1863 accidit
912 1824 1052 1874 nobis3
1084 1823 1123 1862 in
1157 1837 1235 1876 qua
1265 1822 1359 1876 quid
1387 1820 1445 1861 fa-

219 1909 313 1936 cere
335 1896 570 1949 potuissem,
592 1895 665 1934 nisi
701 1904 782 1934 tum
815 1895 954 1934 consul
976 1893 1172 1934 fuissem?
1205 1892 1344 1932 consul
1377 1906 1446 1931 au-

221 1978 302 2008 tem
326 1981 415 2007 esse
440 1968 504 2020 qui
527 1966 651 2020 potui,
674 1966 745 2005 nisi
770 1980 863 2005 eum
892 1965 998 2005 uitae
1033 1978 1193 2005 cursum
1228 1963 1445 2002 tenuissem

222 2053 245 2078 a
266 2038 450 2092 pueritia,
473 2052 545 2091 per
569 2051 688 2090 quem
712 2037 885 2090 equestri
920 2036 1010 2076 loco
1043 2044 1158 2075 natus
1191 2034 1446 2089 peruenirem

224 2110 274 2150 ad
296 2110 489 2149 honorem
518 2106 837 2162 amplissimum?
900 2106 994 2147 Non
1029 2107 1144 2159 igitur
1178 2114 1354 2159 potestas
1389 2112 1447 2144 est

226 2195 276 2221 ex
312 2191 508 2235 tempore,
542 2188 608 2220 aut
641 2193 733 2219 cum
768 2178 882 2227 uelis,
905 2177 1122 2231 opitulandi
1157 2177 1213 2216 rei
1247 2175 1446 2229 publicae,

226 2252 408 2306 quamuis
431 2266 479 2291 ea
501 2260 704 2305 prematur
726 2249 928 2303 periculis,
952 2249 1024 2289 nisi
1048 2263 1096 2289 eo
1118 2249 1208 2288 loco
1231 2248 1296 2297 sis,
1321 2255 1362 2286 ut
1379 2244 1446 2284 tibi

228 2323 266 2362 id
291 2321 424 2363 facere
448 2322 578 2363 liceat.
643 2320 906 2375 Maximeque
930 2321 1007 2361 hoe
1030 2321 1068 2361 in
1090 2320 1294 2362 hominum
1310 2318 1447 2359 docto-
