1611 2708
683 214 830 247 L113ER
868 214 898 245 1.
1344 196 1402 242 17

185 329 319 371 se1·o.’'
380 327 435 368 L.
468 326 597 366 Immo
619 339 717 366 uero
733 335 772 366 te
792 325 1027 374 audiamus3
1052 321 1125 362 nisi
1149 319 1249 361 sorte
1267 319 1405 361 ‘Mani-

185 403 260 442 lius
286 401 539 441 interdictum
569 398 729 451 aliquod
764 397 865 436 inter
899 397 999 436 duos
1034 395 1138 436 soles
1171 402 1283 448 putat
1317 405 1406 432 esse

185 470 523 526 componendum,
546 478 588 508 ut
621 469 674 508 ita
707 468 865 508 caelum
898 467 1129 521 possideant
1161 475 1204 505 ut
1236 474 1406 518 uterque

184 541 421 596 possederit.
484 540 593 580 Tum
617 538 819 588 Manilius,
842 538 1027 592 pergisne
1062 551 1166 587 eam,
1191 536 1321 585 Laeli,
1345 549 1407 576 ar-

183 621 266 653 tem
303 612 498 661 inludere,
521 612 559 651 in
597 625 674 665 qua
711 610 883 665 primum
920 607 1078 648 excello
1115 608 1227 662 ipse3
1261 607 1406 648 deinde

185 685 269 724 sine
285 698 363 738 qua
380 684 482 724 scire
496 697 616 723 nemo
630 691 761 737 potest
775 681 869 735 quid
888 681 935 721 sit
950 694 1079 730 suum,
1096 679 1190 733 quid
1206 678 1407 718 alienum?

185 756 270 796 Sed
292 756 366 796 ista
393 770 516 796 mox:
547 769 653 795 nuno
688 754 897 794 audiamus
931 751 1108 800 Philum,
1132 764 1252 805 quem
1287 750 1408 789 uideo

184 827 400 867 maioribus
421 827 501 866 iam
524 826 574 866 de
597 826 730 876 rebus,
755 839 874 879 quam
908 837 973 863 me
1007 833 1073 863 aut
1096 836 1216 876 quam
1239 821 1290 861 P.
1315 820 1409 861 Mu-

185 899 291 940 cium
314 898 482 940 consuli.

243 968 361 1010 XIV.
404 970 514 1011 Tum
537 969 692 1021 Philus,
706 969 803 1010 nihil
824 970 917 1009 noui
932 969 1045 1009 uobis
1064 966 1259 1016 adseram,
1274 980 1407 1021 neque

186 1043 293 1096 quod
315 1057 338 1082 a
359 1056 424 1082 me
448 1042 497 1083 sit
519 1042 736 1096 cogitatum
760 1051 827 1081 aut
862 1041 1096 1081 inuentum:
1128 1053 1221 1079 nam
1254 1052 1409 1078 memo-

186 1113 242 1153 ria
262 1122 382 1153 teneo
405 1112 458 1154 C.
485 1113 713 1167 Sulpicium
728 1113 907 1167 Gall-um,
932 1112 1205 1152 doctissimum
1228 1120 1270 1150 ut
1304 1110 1410 1150 scitis

186 1185 403 1235 hominem,
421 1199 514 1225 cum
536 1185 645 1225 idem
666 1185 743 1225 hoc
766 1185 895 1224 uisum
919 1184 1135 1233 diceretur,
1153 1193 1191 1222 et
1214 1191 1320 1222 esset
1342 1195 1409 1222 ca-

186 1270 230 1295 su
265 1256 371 1310 apud
405 1255 465 1296 M.
505 1255 758 1306 Marcellum,
783 1256 849 1310 qui
878 1270 971 1296 culn
1006 1269 1055 1295 eo
1083 1255 1222 1295 consul
1257 1253 1400 1302 fuerat,

186 1324 370 1376 sfaeram,
395 1340 514 1379 quam
537 1325 596 1365 M.
621 1325 804 1366 Marcelli
838 1340 936 1366 auus
959 1326 1085 1379 captis
1110 1325 1323 1379 Syracusis
1357 1338 1409 1364 ex

185 1395 282 1435 urbe
300 1396 612 1450 locupletissima
629 1405 748 1450 atque
767 1397 1015 1437 ornatissima
1035 1397 1257 1436 sustulisset
1275 1400 1300 1418 ‘⁶
1316 1411 1409 1436 cum

185 1467 291 1506 aliud
313 1467 408 1507 nihil
431 1481 483 1507 ex
508 1476 617 1507 tanta
638 1468 790 1522 praeda
825 1468 989 1507 domum
1025 1482 1136 1507 suam
1161 1468 1410 1522 deportauis-

184 1537 270 1577 set”
288 1537 447 1586 iUSAE-SSC
470 1536 637 1591 proferri
656 1553 664 1577 :
687 1539 801 1578 cuius
823 1553 898 1592 ego
922 1538 1077 1578 sfaerae
1096 1553 1187 1579 cum
1211 1553 1409 1593 persaepe

183 1617 345 1662 propter
386 1609 623 1649 Archimedi
666 1610 832 1662 gloriam
874 1624 1020 1650 nomen
1064 1611 1280 1661 audissem,
1319 1625 1410 1665 spc—

183 1679 289 1719 ciem
311 1680 438 1733 ipsam
460 1695 543 1733 non
557 1695 643 1735 sum
660 1690 769 1721 tanto
786 1696 908 1735 opere
929 1682 1145 1722 admiratus
1164 1697 1172 1721 z
1196 1692 1280 1722 erat
1303 1683 1409 1722 enim

183 1749 249 1789 illa
271 1750 474 1790 uenustior
506 1760 546 1791 et
578 1752 745 1792 nobilior
772 1753 810 1791 in
842 1740 998 1806 uolgus,
1023 1767 1143 1807 quam
1179 1754 1226 1793 ab
1263 1754 1410 1794 eodem

181 1821 431 1861 Archimede
455 1821 602 1862 factam
636 1832 824 1877 posuerat
853 1824 891 1863 in
913 1825 1064 1878 templo
1098 1823 1267 1865 Uirtutis
1299 1825 1412 1865 Mar-

182 1892 308 1932 cellus
329 1893 453 1933 idem.
520 1893 603 1934 Sed
626 1904 766 1948 postea
784 1909 903 1949 quam
921 1896 1053 1950 coepit
1076 1897 1270 1944 rationem
1292 1897 1410 1938 huius

182 1964 315 2016 operis
337 1964 600 2005 scientissime
625 1965 765 2006 Gallus
800 1981 1021 2021 exponere,
1043 1968 1132 2025 pl-us
1155 1969 1193 2008 in
1216 1969 1281 2009 illo
1305 1969 1410 2009 sicu-

183 2034 219 2073 lo
240 2034 402 2088 ingenii,
426 2049 545 2089 quam
582 2036 785 2078 uideretur
819 2047 959 2078 natura
993 2039 1168 2079 humana
1204 2039 1307 2080 ferre
1338 2055 1410 2094 po-

180 2105 317 2155 tuisse,
331 2105 558 2147 iudicabam
577 2107 712 2148 fuisse.
762 2109 938 2150 Dicebat
956 2111 1062 2150 enim
1082 2110 1236 2161 Gallus,
1253 2110 1409 2152 sfaerac

180 2176 283 2216 illius
306 2176 466 2217 alterius
488 2179 638 2219 solidae
662 2189 781 2235 atque
816 2181 959 2234 plenae
995 2191 1111 2222 uetus
1146 2196 1235 2223 esse
1270 2182 1410 2223 inuen-

181 2257 280 2299 tum,
297 2257 335 2290 et
353 2262 443 2290 eam
467 2263 490 2290 a
510 2250 684 2292 Thalete
708 2251 863 2293 milesio
884 2253 1059 2308 primum
1082 2268 1171 2295 esse
1189 2263 1408 2296 tornatam:

593 2321 650 2360 2ae
