1611 2708
660 255 806 286 Lusssn
844 256 913 286 11.·
1324 244 1393 290 49

174 364 316 404 dicitur
339 363 387 404 ab
410 364 573 404 Amulio
594 378 689 418 rege
725 365 866 404 albano
895 364 946 405 ob
979 363 1246 406 labefactandi
1283 366 1394 419 regni

172 434 356 475 timorem
379 435 430 474 ad
451 434 633 474 Tiberim
667 435 815 488 exponi
842 435 969 475 iussus
992 449 1081 476 esse
1102 450 1112 475 :
1145 450 1222 491 quo
1244 437 1283 476 in
1305 437 1396 477 loco

173 519 267 545 cum
289 492 395 545 esset
416 504 604 545 siluestris
637 504 781 544 beluae
816 515 1055 547 sustentatus
1081 507 1283 557 uberibus,
1305 521 1397 562 pas—

172 585 358 629 toresque
381 589 474 615 eum
509 575 755 615 sustulissent
788 583 829 615 et
861 576 899 615 in
933 577 1078 629 agresti
1100 578 1207 618 cultu
1240 578 1397 619 labore-

173 659 250 700 que
285 646 502 697 aluissent3
533 646 777 700 perhibetur,
805 655 847 686 ut
883 647 1116 698 adoleuerit,
1147 658 1186 688 et
1219 649 1397 707 corporis

172 716 320 757 uiribus
343 726 382 757 et
403 717 522 757 animi
556 715 762 758 ferocitate
796 727 947 758 tantum
970 719 1114 758 ceteris
1136 705 1396 773 praestitisse,

172 796 215 828 ut
235 802 375 828 omnes
399 788 464 842 qui
486 797 570 828 tum
592 802 661 828 eos
684 802 812 842 agros,
836 789 901 828 ubi
923 787 1044 829 hodie
1071 798 1130 829 est
1163 790 1265 830 haec
1287 791 1395 840 urbs,

172 860 412 910 incolebant,
455 873 585 914 aequo
627 861 759 901 animo
799 860 853 901 illi
903 861 1151 915 libenterque
1193 872 1394 916 parerent.

171 929 359 979 Quorum
381 932 506 986 copiis
528 946 621 972 cum
644 946 686 972 se
709 933 856 973 ducem
889 934 1152 987 praebuisset,
1175 943 1217 974 ut
1247 944 1286 974 et
1318 935 1397 974 iam

173 1016 196 1042 a
216 1000 359 1042 sabulis
389 1003 439 1043 ad
474 1001 579 1043 facta
600 1003 824 1053 ueniamus,
848 1005 1094 1058 oppressisse
1118 1003 1303 1059 Longam
1325 1005 1398 1045 Al-

171 1073 265 1114 bam
305 1074 480 1114 ualidam
521 1075 662 1115 urbem
704 1083 744 1114 et
783 1083 987 1128 potentem
1021 1076 1267 1131 temporibus
1309 1077 1396 1126 illis,

171 1144 459 1200 Amuliumque
482 1160 620 1200 regem
642 1145 891 1186 interemisse
914 1145 1052 1187 fertur.

230 1217 304 1258 III.
357 1217 454 1265 Qua
487 1218 612 1272 gloria
646 1228 773 1273 parta,
797 1219 937 1259 urbem
972 1219 1176 1274 auspicato
1205 1221 1396 1270 condere,

174 1296 214 1328 et
234 1288 392 1329 firmare
416 1289 559 1328 dicitur
580 1289 752 1342 primum
786 1290 1025 1343 cogitauisse
1059 1305 1145 1331 rem
1178 1292 1395 1346 publicam.

173 1358 274 1400 Urbi
308 1369 443 1400 autem
479 1360 626 1409 locum,
652 1361 759 1414 quod
795 1370 853 1401 est
886 1361 922 1401 ei
945 1362 1011 1416 qui
1049 1362 1275 1403 diuturnam
1311 1378 1398 1404 rem

172 1429 373 1484 publicam
396 1444 531 1470 serere
553 1440 719 1470 conatur
753 1430 1052 1484 diligentissime
1085 1434 1395 1487 prouidendum,

172 1501 392 1541 incredibili
429 1501 722 1555 opportunitate
757 1502 938 1556 delegit:
972 1506 997 1525 “
1021 1502 1169 1558 Neque
1204 1505 1310 1546 enirn
1345 1506 1397 1546 ad

172 1586 282 1612 mare
305 1572 496 1622 admouit,
520 1573 627 1626 quod
662 1573 698 1612 ei
734 1571 807 1613 suit
842 1573 907 1613 illa
943 1588 1063 1615 manu
1097 1577 1304 1631 copiisque
1339 1577 1397 1618 fa-

171 1642 391 1684 cillimum”
429 1652 472 1683 ut
511 1644 551 1683 in
602 1658 740 1698 agrum
794 1644 1036 1686 Rutulorum
1078 1647 1396 1702 Aboriginumue

172 1714 441 1768 procederet3
474 1723 541 1754 aut
580 1715 619 1754 in
660 1715 760 1755 ostio
800 1716 982 1766 tiberino,
1021 1730 1141 1770 quem
1182 1719 1221 1758 in
1262 1720 1396 1760 locum

172 1784 306 1824 multis
327 1793 417 1838 post
438 1785 550 1826 annis
572 1799 646 1826 rex
666 1785 806 1826 Ancus
829 1787 1027 1828 coloniam
1050 1788 1232 1840 deduxit,
1255 1791 1396 1832 urbem

172 1855 258 1910 ipse
281 1856 504 1907 conderet3
526 1857 597 1897 sed
615 1857 691 1897 hoc
714 1858 774 1897 uir
797 1858 1009 1899 excellenti
1032 1860 1285 1914 prouidentia
1305 1877 1396 1904 sen-

172 1926 221 1967 sit
254 1939 301 1966 ac
335 1926 446 1976 uidit,
485 1941 562 1967 non
597 1941 686 1968 esse
724 1929 1078 1982 opportunissimos
1115 1931 1211 1972 situs
1247 1935 1395 1975 mariti-

173 2012 261 2037 mos
281 1997 445 2037 urbibus
466 1997 524 2037 eis
547 2012 649 2052 quae
674 1999 723 2038 ad
746 2013 859 2053 spem
883 2000 1145 2043 diuturnitatis
1171 2005 1395 2046 conderen-

172 2078 234 2109 tur
256 2068 387 2122 adque
410 2070 564 2124 inperii.
627 2070 810 2111 Primum
833 2074 938 2126 quod
967 2085 1101 2115 essent
1121 2076 1240 2118 urbes
1274 2078 1394 2118 mari-

170 2141 293 2181 timae
315 2155 394 2181 non
416 2142 543 2182 solum
576 2142 708 2183 multis
728 2143 915 2197 periculis
936 2146 1156 2199 oppositae,
1180 2148 1249 2189 sed
1274 2149 1394 2190 etiam

173 2213 321 2253 caecis.
384 2212 493 2253 Nam
513 2223 619 2254 terra
640 2216 846 2256 continens
882 2218 1076 2258 aduentus
1110 2220 1282 2261 hostium
1314 2236 1393 2263 non

170 2284 294 2325 modo
316 2294 563 2339 expectatos,
587 2286 800 2334 sedetiam
822 2290 1064 2343 repentinos,
1086 2292 1220 2333 multis
1238 2292 1394 2335 indiciis

586 2360 609 2396 5
