1611 2708
653 157 800 190 Lissnn
837 157 869 187 1.
1307 138 1375 183 23·

154 275 285 318 studia
307 272 520 328 disputanti
542 271 580 311 in
602 282 671 310 ore
707 279 867 321 semper
888 272 973 306 erat
993 262 1059 304 illa
1080 262 1131 303 de
1164 259 1374 316 Iphigenia

155 346 349 388 Achillis:

155 417 458 469 Astrologorum
481 412 593 464 signa
613 409 652 449 in
674 407 790 450 caelo
813 407 907 461 quid
930 408 978 448 sit
998 407 1211 448 obseruat:
1237 405 1345 446 Iouis

156 487 266 528 Cum
287 498 410 538 capra
432 491 499 523 aut
529 494 634 535 nepa
656 488 724 519 aut
745 478 923 518 exoritur
943 491 1091 519 nomen
1123 477 1283 532 aliquod
1303 477 1375 517 be·

331 555 501 594 luarum.

157 625 284 676 Quod
307 634 368 666 est
389 634 480 665 ante
503 623 630 679 pedes
661 635 782 662 nemo
814 628 995 675 spectat3
1026 619 1130 660 caeli
1155 628 1379 660 scrutantur

330 697 482 750 plagas.
1177 737 1180 742 ,

156 770 291 823 Atque
323 767 447 816 idem,
481 765 650 806 multum
684 764 791 804 enim
812 762 922 803 illum
945 761 1158 803 audiebam
1181 770 1221 802 et
1251 761 1378 801 liben-

154 849 230 890 ter,
253 838 430 879 Zethum
463 837 573 877 illum
608 836 762 876 Pacuui
796 835 912 875 nimis
933 835 1138 874 inimicum
1172 834 1378 874 doctrinae

157 924 246 952 esse
263 910 448 950 dicebat:
470 909 597 962 magis
619 921 712 948 eum
728 906 955 947 delectabat
976 905 1270 960 Neoptolemus
1293 904 1380 946 En-

155 983 209 1032 ni,
234 982 300 1036 qui
332 995 374 1022 se
397 979 658 1021 ait—filosofari
681 979 786 1019 uelle
821 988 880 1019 set
904 979 1070 1033 paucis;
1103 992 1195 1018 nam
1217 977 1380 1018 omnino

156 1052 264 1093 haud
286 1052 521 1106 placere—.
585 1050 709 1099 Quod
732 1051 763 1090 si
786 1050 915 1090 studia
931 1050 1182 1090 Graecorum
1200 1064 1272 1090 uos
1293 1058 1380 1089 tan-

158 1133 198 1164 to
219 1137 343 1177 opere
367 1123 582 1172 delectant,
606 1131 696 1163 sunt
729 1122 804 1162 alia
825 1122 1010 1162 liberiora
1032 1131 1071 1162 et
1104 1121 1302 1162 transfusa
1322 1121 1380 1161 la-

157 1195 248 1244 tius,
272 1208 374 1248 quae
406 1194 472 1233 uel
495 1194 545 1233 ad
568 1207 684 1233 usum
706 1193 811 1233 uitae
834 1193 899 1233 uel
929 1193 1048 1233 etiam
1071 1193 1121 1233 ad
1144 1194 1271 1247 ipsam
1293 1207 1380 1233 rem

158 1267 360 1321 publicam
387 1266 571 1306 conferre
593 1280 819 1320 possumus.
883 1266 987 1306 Istae
1011 1267 1174 1320 quidem
1206 1276 1325 1317 artes,
1348 1266 1380 1307 si

157 1338 278 1378 modo
313 1337 475 1391 aliquid,
512 1337 645 1376 ualent
666 1347 708 1376 ut
741 1337 905 1390 paulum
938 1346 1082 1377 acuant
1104 1346 1143 1377 et
1175 1346 1381 1392 tamquam

157 1409 316 1449 inritent
337 1408 495 1462 ingenia
516 1421 748 1462 puerorum,
782 1422 860 1462 quo
882 1407 1036 1448 facilius
1057 1409 1209 1463 possint
1228 1411 1381 1452 maiora

158 1480 331 1521 discere.

218 1550 339 1592 XIX.
374 1551 484 1591 Tum
499 1550 681 1601 Tubero,
705 1565 783 1591 non
807 1551 996 1592 dissentio
1019 1566 1042 1592 a
1063 1562 1116 1603 te,
1142 1552 1285 1606 Laeli3
1307 1564 1381 1606 set,

159 1636 324 1676 quaero,
358 1636 460 1676 quae
494 1632 533 1662 tu
561 1636 649 1662 esse
681 1623 833 1662 maiora
864 1623 1091 1677 intellegis?
1142 1623 1199 1664 L.
1233 1625 1382 1668 Dicam

159 1694 407 1743 mehercule,
443 1702 482 1734 et
514 1703 747 1734 contemnar
782 1708 805 1734 a
837 1703 876 1734 te
912 1694 1095 1745 fortasse,
1130 1710 1222 1736 cum
1245 1706 1286 1737 tu
1309 1699 1383 1739 ista

159 1765 350 1805 caelestia
384 1765 434 1805 de
472 1764 661 1819 Scipione
697 1766 943 1820 quaesieris;
978 1780 1054 1820 ego
1096 1776 1229 1808 autem
1264 1770 1381 1821 haec,

161 1850 264 1891 quae
299 1837 485 1877 uidentur
519 1847 608 1878 ante
630 1838 782 1888 oculos,
819 1853 908 1879 esse
940 1840 1066 1893 magis
1098 1850 1236 1894 putem
1260 1856 1384 1896 quae-

160 1908 300 1948 renda.
365 1908 476 1955 Quid
500 1910 606 1949 enim
640 1910 736 1949 mihi
768 1909 820 1950 L.
844 1909 961 1950 Pauli
983 1925 1122 1965 nepos,
1157 1912 1234 1953 hoc
1258 1928 1384 1955 auun-

160 1979 252 2020 culo
284 1980 528 2021 nobilissima
550 1981 588 2021 in
624 1980 772 2021 familia
794 1991 912 2036 atque
935 1982 972 2022 in
996 1983 1071 2023 hac
1106 1992 1186 2023 tam
1210 1985 1317 2026 clara
1340 2000 1383 2026 re

158 2050 321 2104 publica
353 2060 481 2102 natus,
518 2053 672 2106 quaerit
708 2054 910 2107 quomodo
945 2054 1024 2094 duo
1059 2054 1164 2095 soles
1198 2056 1270 2096 uisi
1294 2057 1382 2107 sint,

160 2136 239 2161 non
263 2122 416 2176 quaerit
438 2137 508 2163 cur
529 2124 568 2164 in
590 2139 668 2165 una
690 2138 732 2165 re
755 2125 915 2179 publica
937 2125 1017 2165 duo
1040 2136 1214 2176 senatus,
1242 2136 1281 2167 et
1303 2128 1383 2168 duo

161 2206 289 2247 paene
312 2194 391 2234 iam
412 2181 548 2250 populi
570 2195 676 2237 sint?
739 2196 861 2247 Nam,
885 2207 926 2238 ut
948 2198 1104 2249 uidetis,
1128 2213 1234 2240 mors
1255 2199 1383 2240 Tibe-
