1611 2708
686 265 832 296 LIBER
871 265 900 295 1.
1353 253 1403 298 11

188 388 276 415 rum
298 375 476 415 oratione
499 374 593 414 mihi
616 375 761 414 mirum
784 374 912 415 uideri
946 374 1058 424 solet,
1083 374 1190 428 quod
1213 376 1278 429 qui
1304 385 1411 416 tran·

191 445 311 499 quillo
353 446 451 485 mari
493 445 717 498 gubernare
752 459 794 485 se
838 456 986 499 negent
1024 460 1157 501 posse,
1193 448 1300 501 quod
1336 461 1414 487 nec

191 517 402 556 didicerint
422 529 498 555 nec
521 529 712 569 umquam
735 516 837 556 scire
860 518 1102 568 curauerint,
1124 518 1246 558 iidem
1269 518 1319 558 ad
1342 532 1413 572 gu-

190 586 408 626 bernacula
424 600 467 626 se
486 600 720 626 accessuros
742 588 1001 641 profiteantur
1024 590 1208 629 excitatis
1229 589 1415 629 maximis

191 657 391 698 fluctibus.
420 658 424 664 ”
454 657 523 698 Isti
546 659 652 698 enim
678 659 811 712 palam
834 659 986 708 dicere,
1011 668 1129 714 atque
1164 661 1203 700 in
1232 675 1281 701 eo
1315 661 1416 702 mul-

192 736 276 768 tum
299 729 419 768 etiam
442 728 600 782 gloriari
622 729 763 779 solent,
787 743 829 770 se
865 730 915 770 de
950 731 1166 771 rationibus
1188 745 1322 772 rerum
1344 747 1418 786 pu-

192 799 388 840 blicarum
424 809 491 839 aut
524 801 894 840 constituendarum
929 810 996 841 aut
1036 795 1290 852 tuendarum,
1324 803 1420 843 nihil

193 883 269 909 nec
293 869 482 909 didicisse
505 884 696 924 umquam
719 886 796 911 nec
819 872 998 923 docere3
1031 887 1251 927 earumque
1286 888 1420 914 rerum

195 941 404 982 seientiam
437 956 517 981 non
552 942 680 982 doctis
714 943 941 982 hominibus
976 957 1023 983 ac
1061 945 1318 997 sapientibus,
1349 946 1420 985 sed

198 1014 237 1053 in
264 1013 330 1052 illo
345 1026 493 1066 genere
510 1014 741 1053 exercitatis
755 1014 1062 1054 concedendam
1076 1025 1229 1068 putant.
1283 1015 1424 1063 Quare

198 1085 264 1139 qui
286 1084 474 1124 conuenit
506 1083 683 1138 polliceri
716 1098 882 1138 operam
905 1099 1018 1125 suam
1042 1086 1099 1125 rei
1133 1086 1318 1140 publicae
1340 1096 1425 1127 tum

199 1155 388 1209 denique,
412 1155 443 1195 si
458 1155 697 1195 necessitate
717 1165 909 1209 cogantur
927 1156 944 1196 ?
967 1171 1075 1206 cum,
1099 1157 1207 1211 quod
1225 1167 1286 1198 est
1302 1159 1426 1200 multo

198 1227 429 1281 procliuius,
451 1227 559 1266 nulla
585 1227 825 1267 necessitate
859 1238 1069 1281 premente
1103 1243 1190 1268 rem
1223 1230 1426 1283 publicam

201 1311 342 1350 regere
394 1298 588 1336 nesciant.
653 1296 873 1350 Equidem,
912 1308 955 1337 ut
1004 1312 1147 1338 uerum
1199 1309 1306 1339 esset
1356 1315 1430 1341 sua

202 1368 405 1407 uoluntate
429 1368 651 1420 sapientem
687 1368 938 1425 descendere
972 1370 1022 1408 ad
1054 1371 1228 1410 rationes
1259 1372 1430 1412 ciuitatis

202 1452 280 1486 non
302 1438 432 1478 solere
450 1453 462 1488 ;
493 1438 553 1478 sin
589 1446 723 1477 autem
758 1438 1005 1492 temporibus
1037 1449 1263 1493 cogeretur,
1286 1450 1370 1482 turn
1402 1444 1432 1483 it

203 1524 348 1550 munus
372 1510 547 1563 denique
570 1523 649 1549 non
671 1523 889 1560 recusare3
920 1519 1055 1550 tamen
1090 1511 1303 1552 arbitrarer
1328 1513 1432 1554 hanc

204 1596 339 1622 rerum
376 1581 553 1622 ciuilium
590 1581 755 1621 minime
792 1581 1088 1635 neglegendam
1126 1583 1334 1623 scientiam
1369 1599 1432 1625 sa-

204 1654 342 1708 pienti,
365 1662 580 1708 propterea
603 1653 710 1707 quod
732 1653 866 1692 omnia
900 1663 1034 1693 essent
1067 1654 1104 1694 ei
1140 1655 1432 1709 praeparanda,

208 1725 350 1779 quibus
371 1725 546 1764 nesciret
568 1739 617 1764 an
640 1724 854 1778 aliquando
868 1725 923 1769 uti
945 1738 1113 1765 necesse
1137 1735 1257 1765 esset.

265 1794 361 1834 VII.
416 1794 535 1835 Haec
572 1794 752 1848 plurimis
791 1809 813 1834 a
850 1809 915 1834 me
953 1796 1087 1835 uerbis
1122 1796 1228 1836 dicta
1263 1807 1351 1838 sunt
1384 1800 1435 1839 ob

210 1880 300 1905 eam
324 1879 502 1914 causam,
527 1865 635 1918 quod
657 1866 717 1905 his
739 1866 847 1905 libris
870 1875 955 1906 erat
976 1868 1151 1907 instituta
1185 1878 1225 1908 et
1251 1880 1437 1923 suscepta

209 1937 305 1977 mihi
329 1937 378 1976 de
402 1951 445 1976 re
468 1936 630 1990 publica
657 1937 899 1990 disputati03
932 1951 1035 1991 quae
1058 1953 1108 1978 ne
1137 1937 1281 1979 frustra
1314 1941 1438 1980 habe—

210 2018 332 2057 retur,
349 2007 636 2047 dubitationem
655 2008 704 2047 ad
723 2022 808 2047 rem
829 2009 1033 2062 publicam
1051 2009 1226 2050 adeundi
1249 2011 1287 2050 in
1302 2013 1439 2065 primis

213 2079 333 2118 debui
354 2078 508 2118 tollere.
573 2080 636 2118 Ac
659 2089 793 2119 tamen
821 2080 922 2134 siqui
957 2091 1058 2131 sunt,
1083 2082 1152 2136 qui
1182 2083 1440 2138 philosopho-

214 2165 301 2191 rum
336 2151 571 2191 auctoritate
608 2161 861 2202 moueantur,
893 2153 989 2192 dent
1021 2167 1188 2207 operam
1226 2169 1441 2209 parumper

215 2222 347 2276 adque
371 2222 533 2262 audiant
555 2237 638 2273 eos,
657 2237 827 2277 quorum
850 2238 1006 2263 summa
1029 2233 1089 2264 est
1111 2225 1325 2265 auctoritas
1348 2235 1443 2279 aput

214 2293 468 2334 doctissimos
505 2294 688 2340 homines
726 2305 765 2335 et
801 2295 952 2348 gloria:
986 2310 1085 2350 quos
1128 2310 1204 2349 ego
1242 2297 1441 2341 existimo.
