<?xml version="1.0" encoding="UTF-8"?>
<!DOCTYPE html PUBLIC "-//W3C//DTD XHTML 1.0 Transitional//EN"
    "http://www.w3.org/TR/xhtml1/DTD/xhtml1-transitional.dtd">
<html xmlns="http://www.w3.org/1999/xhtml" xml:lang="en" lang="en">
 <head>
  <title>
</title>
<meta http-equiv="Content-Type" content="text/html;charset=utf-8" />
  <meta name='ocr-system' content='tesseract 3.04.00' />
  <meta name='ocr-capabilities' content='ocr_page ocr_carea ocr_par ocr_line ocrx_word'/>
</head>
<body>
  <div class='ocr_page' id='page_1' title='image "./derepublica00ciceuoft_0037.png"; bbox 0 0 1611 2708; ppageno 0'>
   <div class='ocr_carea' id='block_1_1' title="bbox 639 133 1365 181">
    <p class='ocr_par' dir='ltr' id='par_1_1' title="bbox 639 133 1365 181">
     <span class='ocr_line' id='line_1_1' title="bbox 639 133 1365 181; baseline -0.003 -1"><span class='ocrx_word' id='word_1_1' title='bbox 639 150 785 181; x_wconf 64' lang='lat' dir='ltr'>Llssssiz</span> <span class='ocrx_word' id='word_1_2' title='bbox 823 150 853 180; x_wconf 79' lang='grc' dir='ltr'>ι.</span> <span class='ocrx_word' id='word_1_3' title='bbox 1301 133 1365 179; x_wconf 67' lang='lat'>025</span> 
     </span>
    </p>
   </div>
   <div class='ocr_carea' id='block_1_2' title="bbox 139 256 1367 456">
    <p class='ocr_par' dir='ltr' id='par_1_2' title="bbox 139 256 1367 456">
     <span class='ocr_line' id='line_1_2' title="bbox 139 256 1367 315; baseline -0.005 -14"><span class='ocrx_word' id='word_1_4' title='bbox 139 271 300 301; x_wconf 84' lang='lat' dir='ltr'>remus:</span> <span class='ocrx_word' id='word_1_5' title='bbox 333 260 476 315; x_wconf 86' lang='lat' dir='ltr'>quibus</span> <span class='ocrx_word' id='word_1_6' title='bbox 512 260 693 313; x_wconf 80' lang='lat' dir='ltr'>cognitis,</span> <span class='ocrx_word' id='word_1_7' title='bbox 726 273 843 313; x_wconf 87' lang='lat' dir='ltr'>spero</span> <span class='ocrx_word' id='word_1_8' title='bbox 875 271 946 298; x_wconf 88' lang='lat' dir='ltr'>nos</span> <span class='ocrx_word' id='word_1_9' title='bbox 979 256 1030 298; x_wconf 88' lang='lat' dir='ltr'>ad</span> <span class='ocrx_word' id='word_1_10' title='bbox 1060 258 1163 297; x_wconf 87' lang='lat' dir='ltr'>haec</span> <span class='ocrx_word' id='word_1_11' title='bbox 1193 257 1279 310; x_wconf 84' lang='lat' dir='ltr'>ipsa</span> <span class='ocrx_word' id='word_1_12' title='bbox 1301 257 1367 296; x_wconf 85' lang='lat' dir='ltr'>uia</span> 
     </span>
     <span class='ocr_line' id='line_1_3' title="bbox 140 329 1365 384; baseline -0.002 -14"><span class='ocrx_word' id='word_1_13' title='bbox 140 340 403 384; x_wconf 86' lang='lat' dir='ltr'>peruenturos</span> <span class='ocrx_word' id='word_1_14' title='bbox 421 346 433 382; x_wconf 92' lang='lat'>;</span> <span class='ocrx_word' id='word_1_15' title='bbox 465 344 685 384; x_wconf 85' lang='lat' dir='ltr'>earumque</span> <span class='ocrx_word' id='word_1_16' title='bbox 723 343 858 369; x_wconf 86' lang='lat' dir='ltr'>rerum</span> <span class='ocrx_word' id='word_1_17' title='bbox 892 329 1100 379; x_wconf 85' lang='lat' dir='ltr'>rationem,</span> <span class='ocrx_word' id='word_1_18' title='bbox 1125 342 1228 383; x_wconf 87' lang='lat' dir='ltr'>quae</span> <span class='ocrx_word' id='word_1_19' title='bbox 1260 341 1365 368; x_wconf 84' lang='lat' dir='ltr'>nunc</span> 
     </span>
     <span class='ocr_line' id='line_1_4' title="bbox 141 402 607 456; baseline -0.004 -15"><span class='ocrx_word' id='word_1_20' title='bbox 141 402 298 453; x_wconf 86' lang='lat' dir='ltr'>instant,</span> <span class='ocrx_word' id='word_1_21' title='bbox 321 402 607 456; x_wconf 83' lang='lat' dir='ltr'>explicaturos.</span> 
     </span>
    </p>
   </div>
   <div class='ocr_carea' id='block_1_3' title="bbox 142 469 1368 598">
    <p class='ocr_par' dir='ltr' id='par_1_3' title="bbox 142 469 1368 598">
     <span class='ocr_line' id='line_1_5' title="bbox 199 469 1368 514; baseline -0.003 0"><span class='ocrx_word' id='word_1_22' title='bbox 199 472 320 514; x_wconf 91' lang='lat' dir='ltr'>XXI.</span> <span class='ocrx_word' id='word_1_23' title='bbox 353 472 463 513; x_wconf 90' lang='lat' dir='ltr'>Cum</span> <span class='ocrx_word' id='word_1_24' title='bbox 485 471 525 511; x_wconf 90' lang='lat' dir='ltr'>id</span> <span class='ocrx_word' id='word_1_25' title='bbox 548 480 588 511; x_wconf 90' lang='lat' dir='ltr'>et</span> <span class='ocrx_word' id='word_1_26' title='bbox 610 470 751 511; x_wconf 89' lang='lat' dir='ltr'>Philus</span> <span class='ocrx_word' id='word_1_27' title='bbox 779 480 821 511; x_wconf 88' lang='lat' dir='ltr'>et</span> <span class='ocrx_word' id='word_1_28' title='bbox 852 470 1042 512; x_wconf 81' lang='lat' dir='ltr'>Manilius</span> <span class='ocrx_word' id='word_1_29' title='bbox 1074 480 1115 512; x_wconf 90' lang='lat' dir='ltr'>et</span> <span class='ocrx_word' id='word_1_30' title='bbox 1145 469 1368 512; x_wconf 78' lang='lat' dir='ltr'>Mummius</span> 
     </span>
     <span class='ocr_line' id='line_1_6' title="bbox 142 542 842 598; baseline 0 -15"><span class='ocrx_word' id='word_1_31' title='bbox 142 543 359 585; x_wconf 77' lang='lat' dir='ltr'>admodum</span> <span class='ocrx_word' id='word_1_32' title='bbox 383 542 713 598; x_wconf 79' lang='lat' dir='ltr'>adprobauissent</span> <span class='ocrx_word' id='word_1_33' title='bbox 719 573 842 583; x_wconf 91' lang='grc'><strong>.....</strong></span> 
     </span>
    </p>
   </div>
   <div class='ocr_carea' id='block_1_4' title="bbox 508 658 1003 699">
    <p class='ocr_par' dir='ltr' id='par_1_4' title="bbox 508 658 1003 699">
     <span class='ocr_line' id='line_1_7' title="bbox 508 658 1003 699; baseline -0.004 -9"><span class='ocrx_word' id='word_1_34' title='bbox 508 660 740 691; x_wconf 82' lang='lat' dir='ltr'>Desiderantur</span> <span class='ocrx_word' id='word_1_35' title='bbox 755 658 895 699; x_wconf 84' lang='lat' dir='ltr'>paginae</span> <span class='ocrx_word' id='word_1_36' title='bbox 911 659 1003 689; x_wconf 82' lang='lat' dir='ltr'>duae.</span> 
     </span>
    </p>
   </div>
   <div class='ocr_carea' id='block_1_5' title="bbox 139 760 1374 2243">
    <p class='ocr_par' dir='ltr' id='par_1_5' title="bbox 140 760 1369 888">
     <span class='ocr_line' id='line_1_8' title="bbox 144 760 1369 816; baseline -0.001 -13"><span class='ocrx_word' id='word_1_37' title='bbox 144 764 168 787; x_wconf 76' lang='lat'>÷÷</span> <span class='ocrx_word' id='word_1_38' title='bbox 184 762 209 787; x_wconf 50' lang='grc' dir='ltr'>’κ</span> <span class='ocrx_word' id='word_1_39' title='bbox 224 762 391 804; x_wconf 88' lang='lat' dir='ltr'>Nullum</span> <span class='ocrx_word' id='word_1_40' title='bbox 406 772 465 803; x_wconf 90' lang='lat' dir='ltr'>est</span> <span class='ocrx_word' id='word_1_41' title='bbox 482 762 716 816; x_wconf 87' lang='lat' dir='ltr'>exemplum</span> <span class='ocrx_word' id='word_1_42' title='bbox 733 776 744 813; x_wconf 80' lang='lat'><em>3</em></span> <span class='ocrx_word' id='word_1_43' title='bbox 767 762 880 816; x_wconf 87' lang='lat' dir='ltr'>quasi</span> <span class='ocrx_word' id='word_1_44' title='bbox 903 761 1002 802; x_wconf 84' lang='lat' dir='ltr'>alius</span> <span class='ocrx_word' id='word_1_45' title='bbox 1028 760 1260 802; x_wconf 86' lang='lat' dir='ltr'>assimulare</span> <span class='ocrx_word' id='word_1_46' title='bbox 1284 774 1369 802; x_wconf 87' lang='lat' dir='ltr'>rem</span> 
     </span>
     <span class='ocr_line' id='line_1_9' title="bbox 140 832 882 888; baseline -0.001 -14"><span class='ocrx_word' id='word_1_47' title='bbox 140 834 357 888; x_wconf 85' lang='lat' dir='ltr'>publicam.</span> <span class='ocrx_word' id='word_1_48' title='bbox 420 833 638 874; x_wconf 82' lang='lat' dir='ltr'><em>Diomedes</em></span> <span class='ocrx_word' id='word_1_49' title='bbox 660 832 729 874; x_wconf 74' lang='lat' dir='ltr'>lib.</span> <span class='ocrx_word' id='word_1_50' title='bbox 753 832 789 873; x_wconf 91' lang='lat' dir='ltr'>I.</span> <span class='ocrx_word' id='word_1_51' title='bbox 816 833 840 856; x_wconf 49' lang='grc' dir='ltr'>’κ</span> <span class='ocrx_word' id='word_1_52' title='bbox 857 833 882 857; x_wconf 77' lang='lat'>÷÷</span> 
     </span>
    </p>

    <p class='ocr_par' dir='ltr' id='par_1_6' title="bbox 139 904 1373 1743">
     <span class='ocr_line' id='line_1_10' title="bbox 143 904 1371 960; baseline -0.002 -14"><span class='ocrx_word' id='word_1_53' title='bbox 143 906 168 928; x_wconf 82' lang='lat'>÷÷</span> <span class='ocrx_word' id='word_1_54' title='bbox 185 905 209 929; x_wconf 39' lang='grc' dir='ltr'><strong>ᾗ</strong></span> <span class='ocrx_word' id='word_1_55' title='bbox 224 904 380 956; x_wconf 80' lang='lat' dir='ltr'>Quare,</span> <span class='ocrx_word' id='word_1_56' title='bbox 403 906 434 946; x_wconf 85' lang='lat' dir='ltr'>si</span> <span class='ocrx_word' id='word_1_57' title='bbox 456 906 603 960; x_wconf 87' lang='lat' dir='ltr'>placet,</span> <span class='ocrx_word' id='word_1_58' title='bbox 627 906 761 946; x_wconf 86' lang='lat' dir='ltr'>deduc</span> <span class='ocrx_word' id='word_1_59' title='bbox 792 905 1015 945; x_wconf 84' lang='lat' dir='ltr'>orationem</span> <span class='ocrx_word' id='word_1_60' title='bbox 1047 914 1157 945; x_wconf 84' lang='lat' dir='ltr'>tuam</span> <span class='ocrx_word' id='word_1_61' title='bbox 1181 905 1232 946; x_wconf 91' lang='lat' dir='ltr'>de</span> <span class='ocrx_word' id='word_1_62' title='bbox 1255 904 1371 945; x_wconf 76' lang='lat' dir='ltr'>caelo</span> 
     </span>
     <span class='ocr_line' id='line_1_11' title="bbox 139 976 1370 1018; baseline 0.001 -2"><span class='ocrx_word' id='word_1_63' title='bbox 139 977 193 1016; x_wconf 76' lang='lat' dir='ltr'>ad</span> <span class='ocrx_word' id='word_1_64' title='bbox 215 977 317 1018; x_wconf 85' lang='lat' dir='ltr'>haec</span> <span class='ocrx_word' id='word_1_65' title='bbox 339 977 500 1018; x_wconf 85' lang='lat' dir='ltr'>cituma.</span> <span class='ocrx_word' id='word_1_66' title='bbox 562 976 731 1018; x_wconf 82' lang='lat' dir='ltr'>Nonius</span> <span class='ocrx_word' id='word_1_67' title='bbox 753 992 840 1018; x_wconf 82' lang='lat' dir='ltr'>uoc.</span> <span class='ocrx_word' id='word_1_68' title='bbox 864 976 1011 1018; x_wconf 74' lang='lat' dir='ltr'>citama</span> <span class='ocrx_word' id='word_1_69' title='bbox 1033 984 1070 1017; x_wconf 76' lang='lat' dir='ltr'>et</span> <span class='ocrx_word' id='word_1_70' title='bbox 1103 992 1191 1018; x_wconf 87' lang='lat' dir='ltr'>uoc.</span> <span class='ocrx_word' id='word_1_71' title='bbox 1223 976 1370 1017; x_wconf 78' lang='lat' dir='ltr'>deduc·</span> 
     </span>
     <span class='ocr_line' id='line_1_12' title="bbox 142 1047 1370 1098; baseline 0.002 -12"><span class='ocrx_word' id='word_1_72' title='bbox 142 1054 237 1088; x_wconf 72' lang='lat' dir='ltr'>tum.</span> <span class='ocrx_word' id='word_1_73' title='bbox 254 1047 279 1071; x_wconf 47' lang='grc' dir='ltr'>ἦε</span> <span class='ocrx_word' id='word_1_74' title='bbox 296 1048 321 1071; x_wconf 60' lang='lat'>³⁶</span> <span class='ocrx_word' id='word_1_75' title='bbox 342 1080 351 1089; x_wconf 93' lang='lat'><strong><em>.</em></strong></span> <span class='ocrx_word' id='word_1_76' title='bbox 370 1080 379 1089; x_wconf 91' lang='lat'><em>.</em></span> <span class='ocrx_word' id='word_1_77' title='bbox 398 1081 407 1090; x_wconf 90' lang='lat'><strong>.</strong></span> <span class='ocrx_word' id='word_1_78' title='bbox 426 1080 435 1090; x_wconf 88' lang='lat'><strong>.</strong></span> <span class='ocrx_word' id='word_1_79' title='bbox 455 1062 533 1089; x_wconf 92' lang='lat' dir='ltr'>non</span> <span class='ocrx_word' id='word_1_80' title='bbox 569 1049 698 1089; x_wconf 89' lang='lat' dir='ltr'>solum</span> <span class='ocrx_word' id='word_1_81' title='bbox 734 1049 785 1089; x_wconf 92' lang='lat' dir='ltr'>ob</span> <span class='ocrx_word' id='word_1_82' title='bbox 809 1063 900 1090; x_wconf 89' lang='lat' dir='ltr'>eam</span> <span class='ocrx_word' id='word_1_83' title='bbox 930 1064 1096 1090; x_wconf 84' lang='lat' dir='ltr'>causam</span> <span class='ocrx_word' id='word_1_84' title='bbox 1133 1049 1220 1089; x_wconf 92' lang='lat' dir='ltr'>fieri</span> <span class='ocrx_word' id='word_1_85' title='bbox 1248 1049 1370 1098; x_wconf 84' lang='lat' dir='ltr'>uolui,</span> 
     </span>
     <span class='ocr_line' id='line_1_13' title="bbox 143 1119 1370 1174; baseline 0.001 -16"><span class='ocrx_word' id='word_1_86' title='bbox 143 1119 249 1172; x_wconf 91' lang='lat' dir='ltr'>quod</span> <span class='ocrx_word' id='word_1_87' title='bbox 270 1128 357 1159; x_wconf 90' lang='lat' dir='ltr'>erat</span> <span class='ocrx_word' id='word_1_88' title='bbox 379 1134 523 1171; x_wconf 77' lang='lat' dir='ltr'>aecum</span> <span class='ocrx_word' id='word_1_89' title='bbox 546 1119 596 1159; x_wconf 90' lang='lat' dir='ltr'>de</span> <span class='ocrx_word' id='word_1_90' title='bbox 619 1134 661 1160; x_wconf 87' lang='lat' dir='ltr'>re</span> <span class='ocrx_word' id='word_1_91' title='bbox 684 1120 845 1174; x_wconf 87' lang='lat' dir='ltr'>publica</span> <span class='ocrx_word' id='word_1_92' title='bbox 866 1121 1119 1174; x_wconf 85' lang='lat' dir='ltr'>potissimum</span> <span class='ocrx_word' id='word_1_93' title='bbox 1146 1120 1370 1174; x_wconf 82' lang='lat' dir='ltr'>principem</span> 
     </span>
     <span class='ocr_line' id='line_1_14' title="bbox 143 1178 1371 1246; baseline 0.002 -17"><span class='ocrx_word' id='word_1_94' title='bbox 143 1190 200 1229; x_wconf 83' lang='lat' dir='ltr'>rei</span> <span class='ocrx_word' id='word_1_95' title='bbox 241 1190 427 1244; x_wconf 83' lang='lat' dir='ltr'>publicae</span> <span class='ocrx_word' id='word_1_96' title='bbox 463 1191 628 1242; x_wconf 86' lang='lat' dir='ltr'>dicere3</span> <span class='ocrx_word' id='word_1_97' title='bbox 661 1192 733 1231; x_wconf 85' lang='lat' dir='ltr'>sed</span> <span class='ocrx_word' id='word_1_98' title='bbox 775 1191 896 1231; x_wconf 90' lang='lat' dir='ltr'>etiam</span> <span class='ocrx_word' id='word_1_99' title='bbox 939 1192 1046 1246; x_wconf 89' lang='lat' dir='ltr'>quod</span> <span class='ocrx_word' id='word_1_100' title='bbox 1089 1178 1371 1240; x_wconf 85' lang='lat' dir='ltr'>memineram,</span> 
     </span>
     <span class='ocr_line' id='line_1_15' title="bbox 142 1261 1372 1316; baseline 0 -15"><span class='ocrx_word' id='word_1_101' title='bbox 142 1275 339 1316; x_wconf 83' lang='lat' dir='ltr'>persaepe</span> <span class='ocrx_word' id='word_1_102' title='bbox 361 1271 400 1302; x_wconf 90' lang='lat' dir='ltr'>te</span> <span class='ocrx_word' id='word_1_103' title='bbox 433 1276 526 1302; x_wconf 83' lang='lat' dir='ltr'>cum</span> <span class='ocrx_word' id='word_1_104' title='bbox 564 1261 760 1302; x_wconf 81' lang='lat' dir='ltr'>Panaetio</span> <span class='ocrx_word' id='word_1_105' title='bbox 798 1262 998 1303; x_wconf 77' lang='lat' dir='ltr'>disserere</span> <span class='ocrx_word' id='word_1_106' title='bbox 1037 1262 1195 1302; x_wconf 85' lang='lat' dir='ltr'>solitum</span> <span class='ocrx_word' id='word_1_107' title='bbox 1233 1276 1372 1303; x_wconf 91' lang='lat' dir='ltr'>coram</span> 
     </span>
     <span class='ocr_line' id='line_1_16' title="bbox 144 1330 1371 1387; baseline 0.001 -16"><span class='ocrx_word' id='word_1_108' title='bbox 144 1330 316 1385; x_wconf 90' lang='lat' dir='ltr'>Polybio</span> <span class='ocrx_word' id='word_1_109' title='bbox 338 1333 494 1373; x_wconf 87' lang='lat' dir='ltr'>duobus</span> <span class='ocrx_word' id='word_1_110' title='bbox 527 1334 682 1386; x_wconf 79' lang='lat' dir='ltr'>graecis</span> <span class='ocrx_word' id='word_1_111' title='bbox 713 1333 778 1372; x_wconf 91' lang='lat' dir='ltr'>uel</span> <span class='ocrx_word' id='word_1_112' title='bbox 814 1334 1063 1387; x_wconf 87' lang='lat' dir='ltr'>peritissimis</span> <span class='ocrx_word' id='word_1_113' title='bbox 1100 1348 1235 1373; x_wconf 85' lang='lat' dir='ltr'>rerum</span> <span class='ocrx_word' id='word_1_114' title='bbox 1273 1332 1371 1373; x_wconf 90' lang='lat' dir='ltr'>ciui-</span> 
     </span>
     <span class='ocr_line' id='line_1_17' title="bbox 143 1402 1370 1459; baseline 0.002 -17"><span class='ocrx_word' id='word_1_115' title='bbox 143 1402 268 1453; x_wconf 86' lang='lat' dir='ltr'>lium3</span> <span class='ocrx_word' id='word_1_116' title='bbox 300 1403 504 1458; x_wconf 89' lang='lat' dir='ltr'>multaque</span> <span class='ocrx_word' id='word_1_117' title='bbox 527 1403 718 1457; x_wconf 82' lang='lat' dir='ltr'>colligere</span> <span class='ocrx_word' id='word_1_118' title='bbox 742 1418 789 1444; x_wconf 84' lang='lat' dir='ltr'>ac</span> <span class='ocrx_word' id='word_1_119' title='bbox 821 1404 986 1454; x_wconf 87' lang='lat' dir='ltr'>docere,</span> <span class='ocrx_word' id='word_1_120' title='bbox 1024 1405 1221 1459; x_wconf 89' lang='lat' dir='ltr'>optimum</span> <span class='ocrx_word' id='word_1_121' title='bbox 1253 1404 1370 1458; x_wconf 78' lang='lat' dir='ltr'>longe</span> 
     </span>
     <span class='ocr_line' id='line_1_18' title="bbox 143 1475 1370 1529; baseline 0.002 -15"><span class='ocrx_word' id='word_1_122' title='bbox 143 1483 288 1515; x_wconf 87' lang='lat' dir='ltr'>statum</span> <span class='ocrx_word' id='word_1_123' title='bbox 310 1475 479 1515; x_wconf 83' lang='lat' dir='ltr'>ciuitatis</span> <span class='ocrx_word' id='word_1_124' title='bbox 503 1489 591 1515; x_wconf 83' lang='lat' dir='ltr'>esse</span> <span class='ocrx_word' id='word_1_125' title='bbox 615 1489 708 1515; x_wconf 87' lang='lat' dir='ltr'>eum</span> <span class='ocrx_word' id='word_1_126' title='bbox 732 1489 852 1529; x_wconf 88' lang='lat' dir='ltr'>quem</span> <span class='ocrx_word' id='word_1_127' title='bbox 887 1476 1060 1516; x_wconf 87' lang='lat' dir='ltr'>maiores</span> <span class='ocrx_word' id='word_1_128' title='bbox 1097 1476 1221 1516; x_wconf 88' lang='lat' dir='ltr'>nostri</span> <span class='ocrx_word' id='word_1_129' title='bbox 1254 1475 1370 1516; x_wconf 80' lang='lat' dir='ltr'>nobis</span> 
     </span>
     <span class='ocr_line' id='line_1_19' title="bbox 144 1545 1373 1602; baseline 0.002 -18"><span class='ocrx_word' id='word_1_130' title='bbox 144 1545 408 1600; x_wconf 78' lang='lat' dir='ltr'>reliquissent.</span> <span class='ocrx_word' id='word_1_131' title='bbox 471 1545 568 1594; x_wconf 81' lang='lat' dir='ltr'>Qua</span> <span class='ocrx_word' id='word_1_132' title='bbox 585 1547 623 1586; x_wconf 89' lang='lat' dir='ltr'>in</span> <span class='ocrx_word' id='word_1_133' title='bbox 639 1546 904 1601; x_wconf 88' lang='lat' dir='ltr'>disputatione</span> <span class='ocrx_word' id='word_1_134' title='bbox 925 1548 1113 1602; x_wconf 86' lang='lat' dir='ltr'>quoniam</span> <span class='ocrx_word' id='word_1_135' title='bbox 1136 1557 1176 1588; x_wconf 90' lang='lat' dir='ltr'>tu</span> <span class='ocrx_word' id='word_1_136' title='bbox 1199 1548 1373 1602; x_wconf 79' lang='lat' dir='ltr'>paratior</span> 
     </span>
     <span class='ocr_line' id='line_1_20' title="bbox 143 1616 1373 1673; baseline 0.002 -17"><span class='ocrx_word' id='word_1_137' title='bbox 143 1630 187 1656; x_wconf 88' lang='lat' dir='ltr'>es</span> <span class='ocrx_word' id='word_1_138' title='bbox 206 1632 217 1667; x_wconf 92' lang='lat'>;</span> <span class='ocrx_word' id='word_1_139' title='bbox 250 1616 408 1666; x_wconf 86' lang='lat' dir='ltr'>feceris,</span> <span class='ocrx_word' id='word_1_140' title='bbox 431 1626 474 1657; x_wconf 89' lang='lat' dir='ltr'>ut</span> <span class='ocrx_word' id='word_1_141' title='bbox 496 1618 615 1658; x_wconf 85' lang='lat' dir='ltr'>etiam</span> <span class='ocrx_word' id='word_1_142' title='bbox 637 1632 710 1671; x_wconf 89' lang='lat' dir='ltr'>pro</span> <span class='ocrx_word' id='word_1_143' title='bbox 732 1619 792 1658; x_wconf 89' lang='lat' dir='ltr'>his</span> <span class='ocrx_word' id='word_1_144' title='bbox 815 1618 962 1669; x_wconf 88' lang='lat' dir='ltr'>dicam,</span> <span class='ocrx_word' id='word_1_145' title='bbox 987 1620 1018 1658; x_wconf 87' lang='lat' dir='ltr'>si</span> <span class='ocrx_word' id='word_1_146' title='bbox 1056 1620 1107 1658; x_wconf 90' lang='lat' dir='ltr'>de</span> <span class='ocrx_word' id='word_1_147' title='bbox 1142 1633 1184 1658; x_wconf 91' lang='lat' dir='ltr'>re</span> <span class='ocrx_word' id='word_1_148' title='bbox 1213 1619 1373 1673; x_wconf 84' lang='lat' dir='ltr'>publica</span> 
     </span>
     <span class='ocr_line' id='line_1_21' title="bbox 146 1689 1195 1743; baseline 0.002 -15"><span class='ocrx_word' id='word_1_149' title='bbox 146 1689 241 1742; x_wconf 87' lang='lat' dir='ltr'>quid</span> <span class='ocrx_word' id='word_1_150' title='bbox 264 1689 410 1728; x_wconf 84' lang='lat' dir='ltr'>sentias</span> <span class='ocrx_word' id='word_1_151' title='bbox 432 1690 659 1743; x_wconf 79' lang='lat' dir='ltr'>explicaris,</span> <span class='ocrx_word' id='word_1_152' title='bbox 682 1690 796 1730; x_wconf 85' lang='lat' dir='ltr'>nobis</span> <span class='ocrx_word' id='word_1_153' title='bbox 818 1699 974 1743; x_wconf 82' lang='lat' dir='ltr'>gratum</span> <span class='ocrx_word' id='word_1_154' title='bbox 995 1690 1195 1730; x_wconf 87' lang='lat' dir='ltr'>omnibus.</span> 
     </span>
    </p>

    <p class='ocr_par' dir='ltr' id='par_1_7' title="bbox 145 1759 1374 2243">
     <span class='ocr_line' id='line_1_22' title="bbox 205 1759 1372 1815; baseline 0.001 -15"><span class='ocrx_word' id='word_1_155' title='bbox 205 1759 346 1800; x_wconf 91' lang='lat' dir='ltr'><strong>XXII.</strong></span> <span class='ocrx_word' id='word_1_156' title='bbox 392 1760 502 1800; x_wconf 89' lang='lat' dir='ltr'>Tum</span> <span class='ocrx_word' id='word_1_157' title='bbox 524 1761 604 1810; x_wconf 87' lang='lat' dir='ltr'>ille,</span> <span class='ocrx_word' id='word_1_158' title='bbox 627 1775 706 1801; x_wconf 91' lang='lat' dir='ltr'>non</span> <span class='ocrx_word' id='word_1_159' title='bbox 728 1775 891 1815; x_wconf 85' lang='lat' dir='ltr'>possum</span> <span class='ocrx_word' id='word_1_160' title='bbox 921 1761 1112 1815; x_wconf 88' lang='lat' dir='ltr'>equidem</span> <span class='ocrx_word' id='word_1_161' title='bbox 1147 1761 1283 1801; x_wconf 86' lang='lat' dir='ltr'>dicere</span> <span class='ocrx_word' id='word_1_162' title='bbox 1306 1775 1372 1801; x_wconf 91' lang='lat' dir='ltr'>me</span> 
     </span>
     <span class='ocr_line' id='line_1_23' title="bbox 145 1831 1372 1885; baseline 0 -14"><span class='ocrx_word' id='word_1_163' title='bbox 145 1832 225 1872; x_wconf 89' lang='lat' dir='ltr'>ulla</span> <span class='ocrx_word' id='word_1_164' title='bbox 247 1832 285 1871; x_wconf 90' lang='lat' dir='ltr'>in</span> <span class='ocrx_word' id='word_1_165' title='bbox 308 1832 548 1885; x_wconf 77' lang='lat' dir='ltr'>cogitatione</span> <span class='ocrx_word' id='word_1_166' title='bbox 572 1832 702 1871; x_wconf 86' lang='lat' dir='ltr'>acrius</span> <span class='ocrx_word' id='word_1_167' title='bbox 726 1841 792 1871; x_wconf 89' lang='lat' dir='ltr'>aut</span> <span class='ocrx_word' id='word_1_168' title='bbox 814 1831 1040 1885; x_wconf 82' lang='lat' dir='ltr'>diligentius</span> <span class='ocrx_word' id='word_1_169' title='bbox 1069 1832 1198 1872; x_wconf 86' lang='lat' dir='ltr'>solere</span> <span class='ocrx_word' id='word_1_170' title='bbox 1221 1832 1372 1872; x_wconf 87' lang='lat' dir='ltr'>uersari</span> 
     </span>
     <span class='ocr_line' id='line_1_24' title="bbox 147 1903 1371 1958; baseline -0.001 -15"><span class='ocrx_word' id='word_1_171' title='bbox 147 1918 266 1957; x_wconf 85' lang='lat' dir='ltr'>quam</span> <span class='ocrx_word' id='word_1_172' title='bbox 289 1903 327 1943; x_wconf 91' lang='lat' dir='ltr'>in</span> <span class='ocrx_word' id='word_1_173' title='bbox 350 1904 423 1943; x_wconf 84' lang='lat' dir='ltr'>ista</span> <span class='ocrx_word' id='word_1_174' title='bbox 445 1904 531 1958; x_wconf 87' lang='lat' dir='ltr'>ipsa</span> <span class='ocrx_word' id='word_1_175' title='bbox 555 1917 657 1957; x_wconf 86' lang='lat' dir='ltr'>quae</span> <span class='ocrx_word' id='word_1_176' title='bbox 692 1903 803 1953; x_wconf 86' lang='lat' dir='ltr'>mihi,</span> <span class='ocrx_word' id='word_1_177' title='bbox 826 1903 958 1953; x_wconf 87' lang='lat' dir='ltr'>Laeli,</span> <span class='ocrx_word' id='word_1_178' title='bbox 995 1917 1017 1943; x_wconf 86' lang='lat' dir='ltr'>a</span> <span class='ocrx_word' id='word_1_179' title='bbox 1051 1912 1090 1943; x_wconf 90' lang='lat' dir='ltr'>te</span> <span class='ocrx_word' id='word_1_180' title='bbox 1124 1904 1371 1958; x_wconf 83' lang='lat' dir='ltr'>proponitur.</span> 
     </span>
     <span class='ocr_line' id='line_1_25' title="bbox 146 1973 1373 2029; baseline -0.002 -14"><span class='ocrx_word' id='word_1_181' title='bbox 146 1974 311 2015; x_wconf 90' lang='lat' dir='ltr'>Etenim</span> <span class='ocrx_word' id='word_1_182' title='bbox 332 1989 426 2015; x_wconf 91' lang='lat' dir='ltr'>cum</span> <span class='ocrx_word' id='word_1_183' title='bbox 448 1975 487 2015; x_wconf 89' lang='lat' dir='ltr'>in</span> <span class='ocrx_word' id='word_1_184' title='bbox 510 1989 582 2015; x_wconf 89' lang='lat' dir='ltr'>suo</span> <span class='ocrx_word' id='word_1_185' title='bbox 606 1988 807 2029; x_wconf 86' lang='lat' dir='ltr'>quemque</span> <span class='ocrx_word' id='word_1_186' title='bbox 825 1988 948 2029; x_wconf 87' lang='lat' dir='ltr'>opere</span> <span class='ocrx_word' id='word_1_187' title='bbox 968 1973 1177 2023; x_wconf 88' lang='lat' dir='ltr'>artificem,</span> <span class='ocrx_word' id='word_1_188' title='bbox 1198 1974 1264 2028; x_wconf 91' lang='lat' dir='ltr'>qui</span> <span class='ocrx_word' id='word_1_189' title='bbox 1287 1973 1373 2027; x_wconf 92' lang='lat' dir='ltr'>qui-</span> 
     </span>
     <span class='ocr_line' id='line_1_26' title="bbox 147 2045 1373 2100; baseline -0.003 -12"><span class='ocrx_word' id='word_1_190' title='bbox 147 2048 243 2088; x_wconf 90' lang='lat' dir='ltr'>dem</span> <span class='ocrx_word' id='word_1_191' title='bbox 277 2047 464 2097; x_wconf 84' lang='lat' dir='ltr'>excellat,</span> <span class='ocrx_word' id='word_1_192' title='bbox 498 2047 594 2087; x_wconf 90' lang='lat' dir='ltr'>nihil</span> <span class='ocrx_word' id='word_1_193' title='bbox 632 2046 727 2086; x_wconf 84' lang='lat' dir='ltr'>aliut</span> <span class='ocrx_word' id='word_1_194' title='bbox 763 2046 956 2100; x_wconf 79' lang='lat' dir='ltr'>cogitare,</span> <span class='ocrx_word' id='word_1_195' title='bbox 993 2045 1192 2095; x_wconf 88' lang='lat' dir='ltr'>meditari,</span> <span class='ocrx_word' id='word_1_196' title='bbox 1230 2057 1373 2084; x_wconf 86' lang='lat' dir='ltr'>curare</span> 
     </span>
     <span class='ocr_line' id='line_1_27' title="bbox 147 2116 1374 2172; baseline -0.004 -13"><span class='ocrx_word' id='word_1_197' title='bbox 147 2120 325 2169; x_wconf 88' lang='lat' dir='ltr'>uideam,</span> <span class='ocrx_word' id='word_1_198' title='bbox 347 2119 420 2158; x_wconf 87' lang='lat' dir='ltr'>nisi</span> <span class='ocrx_word' id='word_1_199' title='bbox 459 2132 537 2172; x_wconf 90' lang='lat' dir='ltr'>quo</span> <span class='ocrx_word' id='word_1_200' title='bbox 560 2119 608 2159; x_wconf 87' lang='lat' dir='ltr'>sit</span> <span class='ocrx_word' id='word_1_201' title='bbox 643 2118 682 2158; x_wconf 89' lang='lat' dir='ltr'>in</span> <span class='ocrx_word' id='word_1_202' title='bbox 704 2117 770 2158; x_wconf 91' lang='lat' dir='ltr'>illo</span> <span class='ocrx_word' id='word_1_203' title='bbox 807 2131 956 2172; x_wconf 83' lang='lat' dir='ltr'>genere</span> <span class='ocrx_word' id='word_1_204' title='bbox 988 2116 1144 2165; x_wconf 87' lang='lat' dir='ltr'>melior,</span> <span class='ocrx_word' id='word_1_205' title='bbox 1182 2129 1259 2168; x_wconf 82' lang='lat' dir='ltr'>ego</span> <span class='ocrx_word' id='word_1_206' title='bbox 1280 2127 1374 2155; x_wconf 87' lang='lat' dir='ltr'>cum</span> 
     </span>
     <span class='ocr_line' id='line_1_28' title="bbox 148 2187 1373 2243; baseline -0.004 -12"><span class='ocrx_word' id='word_1_207' title='bbox 148 2191 244 2231; x_wconf 83' lang='lat' dir='ltr'>mihi</span> <span class='ocrx_word' id='word_1_208' title='bbox 268 2190 317 2231; x_wconf 83' lang='lat' dir='ltr'>sit</span> <span class='ocrx_word' id='word_1_209' title='bbox 343 2203 465 2230; x_wconf 84' lang='lat' dir='ltr'>unum</span> <span class='ocrx_word' id='word_1_210' title='bbox 501 2203 603 2243; x_wconf 85' lang='lat' dir='ltr'>opus</span> <span class='ocrx_word' id='word_1_211' title='bbox 638 2189 716 2230; x_wconf 91' lang='lat' dir='ltr'>hoc</span> <span class='ocrx_word' id='word_1_212' title='bbox 751 2203 773 2229; x_wconf 83' lang='lat' dir='ltr'>a</span> <span class='ocrx_word' id='word_1_213' title='bbox 809 2188 1041 2243; x_wconf 83' lang='lat' dir='ltr'>parentibus</span> <span class='ocrx_word' id='word_1_214' title='bbox 1077 2187 1373 2242; x_wconf 79' lang='lat' dir='ltr'>maioribusque</span> 
     </span>
    </p>
   </div>
   <div class='ocr_carea' id='block_1_6' title="bbox 533 2263 558 2299">
    <p class='ocr_par' dir='ltr' id='par_1_8' title="bbox 533 2263 558 2299">
     <span class='ocr_line' id='line_1_29' title="bbox 533 2263 558 2299; baseline 0 0"><span class='ocrx_word' id='word_1_215' title='bbox 533 2263 558 2299; x_wconf 80' lang='lat'><strong>3</strong></span> 
     </span>
    </p>
   </div>
  </div>
 </body>
</html>
