1611 2708
641 173 787 204 LIBER
826 173 855 203 1.
1300 156 1355 201 31

143 280 263 336 saepe
285 280 514 336 popularis:
546 282 722 337 itemque
745 295 798 323 ex
820 295 869 322 ea
891 293 1016 336 genus
1049 278 1211 335 aliquod
1239 278 1362 320 ecflo-

142 366 303 394 rescere
338 366 391 393 ex
427 353 516 404 illis,
539 367 642 408 quae
677 363 767 393 ante
790 353 888 403 dixi,
911 353 1040 393 solet:
1071 351 1241 405 mirique
1275 360 1366 391 sunt

142 425 260 466 orbes
287 433 328 464 et
349 423 461 477 quasi
484 423 673 464 circuitus
694 424 733 463 in
755 423 875 463 rebus
895 423 1065 478 publicis
1086 421 1366 463 commutatio-

142 509 237 535 num
259 504 300 534 et
319 494 666 535 uicissitudinum:
699 508 799 549 quos
820 508 915 534 cum
949 508 1145 549 cognosse
1178 492 1367 549 sapientis

143 575 215 616 est,
237 575 322 606 tum
344 580 442 606 uero
474 567 705 620 prospicere
740 557 1007 620 inpendentis,
1030 566 1068 605 in
1106 564 1369 619 gubernanda

142 650 186 677 re
209 636 382 690 publica,
405 637 684 677 moderantem
719 651 881 677 cursum
916 645 1035 691 atque
1070 636 1109 675 in
1146 650 1218 676 sua
1253 644 1368 690 pote-

144 717 244 748 state
266 708 519 759 retinentem,
542 709 675 762 magni
712 708 922 748 cuiusdam
945 707 1043 748 ciuis
1066 716 1105 746 et
1127 707 1250 746 diuini
1272 720 1370 760 pae-

143 793 194 819 ne
217 788 278 818 est
299 779 387 819 uiri.
449 779 590 834 Itaque
614 789 798 834 quartum
833 779 1036 834 quoddam
1069 792 1195 832 genus
1217 777 1274 818 rei
1296 792 1370 831 pu-

143 851 274 891 blicae
307 851 485 891 maxime
508 851 761 905 probandum
796 865 885 891 esse
920 851 1060 900 sentio,
1085 850 1192 904 quod
1226 858 1287 889 est
1318 862 1370 888 ex

142 922 218 978 his,
239 936 341 977 quae
364 922 493 978 prima
515 923 613 973 dixi,
627 923 881 963 moderatum
904 931 943 963 et
964 922 1209 976 permixtum
1231 920 1370 960 tribus.

204 992 349 1035 XXX.
404 994 486 1035 Hic
515 993 694 1045 Laelius,
717 995 801 1035 scio
822 994 890 1034 tibi
928 994 981 1034 ita
1013 993 1190 1048 placere,
1213 990 1373 1032 Africa-

146 1081 225 1118 ne3
257 1080 379 1121 saepe
403 1067 510 1107 enim
533 1081 585 1107 ex
607 1076 646 1107 te
677 1066 840 1117 audiui3
872 1075 933 1106 set
965 1075 1114 1115 tamen,
1136 1063 1209 1104 nisi
1247 1062 1373 1103 mole-

149 1149 252 1179 stum
275 1148 349 1189 est,
373 1153 426 1179 ex
447 1139 572 1179 tribus
593 1139 676 1179 istis
708 1138 840 1179 modis
862 1151 996 1178 rerum
1030 1136 1282 1191 publicarum
1304 1147 1378 1174 ue-

148 1212 216 1251 lim
239 1211 341 1251 scire
365 1211 472 1264 quod
494 1211 689 1264 optimum
711 1209 880 1249 iudices.
944 1207 1052 1248 Nam
1085 1207 1151 1247 uel
1184 1204 1374 1261 profuerit

151 1282 297 1337 aliquid
322 1281 373 1321 ad
396 1295 471 1335 cog
496 1311 650 1321 .....

515 1396 749 1427 Desiderantur
764 1395 903 1436 paginae
919 1396 1010 1426 duae,

208 1499 376 1541 XXXI.
402 1532 412 1541 .
438 1531 448 1540 .
475 1531 484 1540 .
505 1509 544 1540 et
571 1499 660 1540 talis
682 1508 742 1539 est
765 1512 951 1553 quaeque
985 1512 1050 1538 res
1083 1497 1258 1552 publica,
1283 1510 1379 1550 qua-

150 1574 198 1614 lis
217 1574 302 1614 eius
320 1582 388 1614 aut
407 1582 550 1613 natura
572 1581 638 1612 aut
655 1571 838 1612 uoluntas
856 1572 923 1628 qui
945 1571 1052 1611 illam
1070 1570 1185 1624 regit.
1238 1569 1379 1624 Itaque

152 1644 259 1686 nussa
282 1645 359 1685 alia
378 1645 418 1685 in
440 1645 616 1693 ciuitate,
639 1644 712 1684 nisi
734 1644 773 1683 in
797 1658 874 1697 qua
896 1642 1033 1697 populi
1064 1650 1241 1696 potestas
1274 1654 1382 1681 sum-

150 1732 220 1757 ma
257 1726 330 1767 est,
353 1717 478 1756 ullum
516 1715 762 1756 domicilium
799 1715 960 1754 libertas
997 1714 1119 1754 habet
1139 1728 1148 1752 2
1181 1726 1259 1766 qua
1296 1711 1382 1766 qui-

154 1790 249 1830 dem
271 1799 383 1829 certe
405 1787 501 1828 nihil
521 1796 654 1842 potest
675 1801 763 1827 esse
787 1786 944 1826 dulcius
963 1800 974 1837 ;
1007 1795 1047 1825 et
1073 1798 1176 1839 quae
1199 1783 1231 1823 si
1253 1795 1384 1837 aequa

154 1876 233 1903 non
256 1871 330 1911 est,
353 1874 404 1901 ne
436 1860 598 1900 libertas
632 1858 795 1914 quidem
830 1867 903 1898 est.
968 1855 1051 1905 Qui
1086 1865 1221 1896 autem
1255 1867 1386 1908 aequa

157 1943 288 1989 potest
310 1947 399 1973 esse
419 1947 432 1984 3
463 1932 602 1972 omitto
625 1931 762 1972 dicere
792 1930 831 1969 in
865 1943 989 1983 regno
1008 1943 1021 1980 ς
1051 1927 1119 1968 ubi
1140 1941 1191 1967 ne
1214 1926 1385 1984 obscure

158 2006 322 2060 quidem
345 2014 406 2045 est
428 2013 495 2044 aut
517 2003 636 2044 dubia
660 2002 830 2042 seruitus
849 2016 860 2053 3
893 2013 954 2041 set
978 2001 1017 2040 in
1039 1999 1122 2039 istis
1144 1997 1384 2046 ciuitatibus,

159 2077 197 2117 in
220 2076 363 2130 quibus
394 2076 521 2116 uerbo
553 2083 643 2115 sunt
674 2073 787 2114 liberi
820 2086 988 2123 omnes3
1021 2070 1153 2111 serunt
1174 2069 1282 2109 enim
1305 2066 1386 2108 sus-

160 2147 299 2202 fragia,
330 2147 521 2188 mandant
560 2145 743 2201 imperia,
766 2145 1019 2198 magistratus
1057 2142 1297 2190 ambiuntur,
1324 2154 1389 2180 ro-

160 2229 329 2276 gantum
362 2229 421 2260 set
443 2233 492 2259 ea
514 2219 609 2259 dant
637 2218 778 2272 magis,
803 2231 905 2272 quae
941 2215 1095 2256 etiamsi
1129 2212 1266 2267 nolint,
1290 2212 1389 2253 dan-
