<?xml version="1.0" encoding="UTF-8"?>
<!DOCTYPE html PUBLIC "-//W3C//DTD XHTML 1.0 Transitional//EN"
    "http://www.w3.org/TR/xhtml1/DTD/xhtml1-transitional.dtd">
<html xmlns="http://www.w3.org/1999/xhtml" xml:lang="en" lang="en">
 <head>
  <title>
</title>
<meta http-equiv="Content-Type" content="text/html;charset=utf-8" />
  <meta name='ocr-system' content='tesseract 3.04.00' />
  <meta name='ocr-capabilities' content='ocr_page ocr_carea ocr_par ocr_line ocrx_word'/>
</head>
<body>
  <div class='ocr_page' id='page_1' title='image "./derepublica00ciceuoft_0062.png"; bbox 0 0 1611 2708; ppageno 0'>
   <div class='ocr_carea' id='block_1_1' title="bbox 174 248 993 297">
    <p class='ocr_par' dir='ltr' id='par_1_1' title="bbox 174 248 993 297">
     <span class='ocr_line' id='line_1_1' title="bbox 174 248 993 297; baseline -0.006 0"><span class='ocrx_word' id='word_1_1' title='bbox 174 248 237 297; x_wconf 59' lang='lat'>:434</span> <span class='ocrx_word' id='word_1_2' title='bbox 582 264 643 294; x_wconf 76' lang='lat' dir='ltr'>nn</span> <span class='ocrx_word' id='word_1_3' title='bbox 683 263 744 294; x_wconf 81' lang='lat' dir='ltr'>RE</span> <span class='ocrx_word' id='word_1_4' title='bbox 783 261 993 293; x_wconf 75' lang='lat' dir='ltr'>PVBLtCA</span> 
     </span>
    </p>
   </div>
   <div class='ocr_carea' id='block_1_2' title="bbox 149 370 1417 2374">
    <p class='ocr_par' dir='ltr' id='par_1_2' title="bbox 149 370 1415 1788">
     <span class='ocr_line' id='line_1_2' title="bbox 176 370 1407 431; baseline -0.003 -14"><span class='ocrx_word' id='word_1_5' title='bbox 176 376 339 431; x_wconf 87' lang='lat' dir='ltr'>priuatis</span> <span class='ocrx_word' id='word_1_6' title='bbox 374 376 412 415; x_wconf 89' lang='lat' dir='ltr'>in</span> <span class='ocrx_word' id='word_1_7' title='bbox 449 374 612 414; x_wconf 84' lang='lat' dir='ltr'>nimiam</span> <span class='ocrx_word' id='word_1_8' title='bbox 648 373 883 414; x_wconf 86' lang='lat' dir='ltr'>seruitutem</span> <span class='ocrx_word' id='word_1_9' title='bbox 906 371 1028 413; x_wconf 86' lang='lat' dir='ltr'>cadit.</span> <span class='ocrx_word' id='word_1_10' title='bbox 1092 370 1233 426; x_wconf 83' lang='lat' dir='ltr'>Itaque</span> <span class='ocrx_word' id='word_1_11' title='bbox 1257 384 1309 412; x_wconf 82' lang='lat' dir='ltr'>ex</span> <span class='ocrx_word' id='word_1_12' title='bbox 1330 371 1407 413; x_wconf 82' lang='lat' dir='ltr'>hac</span> 
     </span>
     <span class='ocr_line' id='line_1_3' title="bbox 175 443 1409 500; baseline -0.006 -11"><span class='ocrx_word' id='word_1_13' title='bbox 175 449 353 489; x_wconf 85' lang='lat' dir='ltr'>maxima</span> <span class='ocrx_word' id='word_1_14' title='bbox 375 446 557 487; x_wconf 83' lang='lat' dir='ltr'>libertate</span> <span class='ocrx_word' id='word_1_15' title='bbox 591 455 783 500; x_wconf 82' lang='lat' dir='ltr'>tyrannus</span> <span class='ocrx_word' id='word_1_16' title='bbox 821 445 1006 500; x_wconf 72' lang='lat' dir='ltr'><strong>gignitur,</strong></span> <span class='ocrx_word' id='word_1_17' title='bbox 1030 452 1070 484; x_wconf 90' lang='lat' dir='ltr'>et</span> <span class='ocrx_word' id='word_1_18' title='bbox 1103 443 1168 483; x_wconf 88' lang='lat' dir='ltr'>illa</span> <span class='ocrx_word' id='word_1_19' title='bbox 1202 443 1409 484; x_wconf 85' lang='lat' dir='ltr'>iniustissi-</span> 
     </span>
     <span class='ocr_line' id='line_1_4' title="bbox 176 515 1409 571; baseline -0.004 -11"><span class='ocrx_word' id='word_1_20' title='bbox 176 535 241 561; x_wconf 88' lang='lat' dir='ltr'>ma</span> <span class='ocrx_word' id='word_1_21' title='bbox 264 529 303 560; x_wconf 87' lang='lat' dir='ltr'>et</span> <span class='ocrx_word' id='word_1_22' title='bbox 326 519 538 560; x_wconf 79' lang='lat' dir='ltr'>durissima</span> <span class='ocrx_word' id='word_1_23' title='bbox 559 518 743 559; x_wconf 77' lang='lat' dir='ltr'>seruitus,</span> <span class='ocrx_word' id='word_1_24' title='bbox 809 517 878 558; x_wconf 80' lang='lat' dir='ltr'>Ex</span> <span class='ocrx_word' id='word_1_25' title='bbox 900 517 977 558; x_wconf 91' lang='lat' dir='ltr'>hoc</span> <span class='ocrx_word' id='word_1_26' title='bbox 997 517 1103 557; x_wconf 88' lang='lat' dir='ltr'>enim</span> <span class='ocrx_word' id='word_1_27' title='bbox 1127 515 1277 571; x_wconf 89' lang='lat' dir='ltr'>populo</span> <span class='ocrx_word' id='word_1_28' title='bbox 1295 515 1409 556; x_wconf 90' lang='lat' dir='ltr'>indo-</span> 
     </span>
     <span class='ocr_line' id='line_1_5' title="bbox 149 588 1409 646; baseline -0.004 -14"><span class='ocrx_word' id='word_1_29' title='bbox 149 594 273 632; x_wconf 28' lang='lat' dir='ltr'>*mito</span> <span class='ocrx_word' id='word_1_30' title='bbox 309 592 376 632; x_wconf 90' lang='lat' dir='ltr'>uel</span> <span class='ocrx_word' id='word_1_31' title='bbox 412 591 543 646; x_wconf 83' lang='lat' dir='ltr'>potius</span> <span class='ocrx_word' id='word_1_32' title='bbox 580 591 744 631; x_wconf 88' lang='lat' dir='ltr'>immani</span> <span class='ocrx_word' id='word_1_33' title='bbox 784 590 970 644; x_wconf 79' lang='lat' dir='ltr'>deligitur</span> <span class='ocrx_word' id='word_1_34' title='bbox 1007 589 1127 643; x_wconf 84' lang='lat' dir='ltr'>aliqui</span> <span class='ocrx_word' id='word_1_35' title='bbox 1169 588 1409 643; x_wconf 86' lang='lat' dir='ltr'>plerumque</span> 
     </span>
     <span class='ocr_line' id='line_1_6' title="bbox 177 660 1411 717; baseline -0.005 -12"><span class='ocrx_word' id='word_1_36' title='bbox 177 664 260 705; x_wconf 78' lang='lat' dir='ltr'>dux</span> <span class='ocrx_word' id='word_1_37' title='bbox 283 673 422 704; x_wconf 88' lang='lat' dir='ltr'>contra</span> <span class='ocrx_word' id='word_1_38' title='bbox 442 663 530 704; x_wconf 86' lang='lat' dir='ltr'>illos</span> <span class='ocrx_word' id='word_1_39' title='bbox 552 662 754 717; x_wconf 78' lang='lat' dir='ltr'>principes</span> <span class='ocrx_word' id='word_1_40' title='bbox 779 662 962 702; x_wconf 75' lang='lat' dir='ltr'>adflictos</span> <span class='ocrx_word' id='word_1_41' title='bbox 980 662 1057 701; x_wconf 87' lang='lat' dir='ltr'>iam</span> <span class='ocrx_word' id='word_1_42' title='bbox 1078 670 1117 700; x_wconf 85' lang='lat' dir='ltr'>et</span> <span class='ocrx_word' id='word_1_43' title='bbox 1139 660 1331 714; x_wconf 85' lang='lat' dir='ltr'>depulsos</span> <span class='ocrx_word' id='word_1_44' title='bbox 1352 660 1411 699; x_wconf 91' lang='lat' dir='ltr'>lo-</span> 
     </span>
     <span class='ocr_line' id='line_1_7' title="bbox 177 733 1410 790; baseline -0.006 -13"><span class='ocrx_word' id='word_1_45' title='bbox 177 750 241 786; x_wconf 83' lang='lat' dir='ltr'>co,</span> <span class='ocrx_word' id='word_1_46' title='bbox 265 736 414 786; x_wconf 81' lang='lat' dir='ltr'>audax,</span> <span class='ocrx_word' id='word_1_47' title='bbox 437 736 615 790; x_wconf 74' lang='lat' dir='ltr'>inpurus,</span> <span class='ocrx_word' id='word_1_48' title='bbox 639 744 879 774; x_wconf 76' lang='lat' dir='ltr'>consectans</span> <span class='ocrx_word' id='word_1_49' title='bbox 917 745 1104 787; x_wconf 68' lang='lat' dir='ltr'>proterue</span> <span class='ocrx_word' id='word_1_50' title='bbox 1143 733 1248 772; x_wconf 88' lang='lat' dir='ltr'>bene</span> <span class='ocrx_word' id='word_1_51' title='bbox 1287 739 1410 785; x_wconf 83' lang='lat' dir='ltr'>saepe</span> 
     </span>
     <span class='ocr_line' id='line_1_8' title="bbox 178 804 1413 863; baseline -0.005 -14"><span class='ocrx_word' id='word_1_52' title='bbox 178 809 228 849; x_wconf 91' lang='lat' dir='ltr'>de</span> <span class='ocrx_word' id='word_1_53' title='bbox 255 822 298 848; x_wconf 90' lang='lat' dir='ltr'>re</span> <span class='ocrx_word' id='word_1_54' title='bbox 320 808 481 863; x_wconf 84' lang='lat' dir='ltr'>publica</span> <span class='ocrx_word' id='word_1_55' title='bbox 499 808 676 856; x_wconf 77' lang='lat' dir='ltr'>meritos,</span> <span class='ocrx_word' id='word_1_56' title='bbox 693 806 883 860; x_wconf 85' lang='lat' dir='ltr'>“populo</span> <span class='ocrx_word' id='word_1_57' title='bbox 906 804 1134 859; x_wconf 80' lang='lat' dir='ltr'>gratificans</span> <span class='ocrx_word' id='word_1_58' title='bbox 1158 804 1349 859; x_wconf 38' lang='lat' dir='ltr'>egaliena</span> <span class='ocrx_word' id='word_1_59' title='bbox 1373 811 1413 843; x_wconf 86' lang='lat' dir='ltr'>et</span> 
     </span>
     <span class='ocr_line' id='line_1_9' title="bbox 177 871 1412 934; baseline -0.006 -12"><span class='ocrx_word' id='word_1_60' title='bbox 177 895 249 922; x_wconf 84' lang='lat' dir='ltr'>sua</span> <span class='ocrx_word' id='word_1_61' title='bbox 266 881 303 919; x_wconf 82' lang='lat'>:”</span> <span class='ocrx_word' id='word_1_62' title='bbox 333 880 398 921; x_wconf 89' lang='lat' dir='ltr'>cui</span> <span class='ocrx_word' id='word_1_63' title='bbox 421 880 512 934; x_wconf 91' lang='lat' dir='ltr'>quia</span> <span class='ocrx_word' id='word_1_64' title='bbox 542 871 698 933; x_wconf 78' lang='lat' dir='ltr'>priuato</span> <span class='ocrx_word' id='word_1_65' title='bbox 733 887 823 917; x_wconf 81' lang='lat' dir='ltr'>sunt</span> <span class='ocrx_word' id='word_1_66' title='bbox 859 877 1031 931; x_wconf 82' lang='lat' dir='ltr'>oppositi</span> <span class='ocrx_word' id='word_1_67' title='bbox 1065 876 1244 925; x_wconf 86' lang='lat' dir='ltr'>timores,</span> <span class='ocrx_word' id='word_1_68' title='bbox 1269 875 1412 915; x_wconf 86' lang='lat' dir='ltr'>dantur</span> 
     </span>
     <span class='ocr_line' id='line_1_10' title="bbox 177 947 1413 1008; baseline -0.006 -15"><span class='ocrx_word' id='word_1_69' title='bbox 177 952 347 1008; x_wconf 88' lang='lat' dir='ltr'>imperia</span> <span class='ocrx_word' id='word_1_70' title='bbox 373 961 412 992; x_wconf 88' lang='lat' dir='ltr'>et</span> <span class='ocrx_word' id='word_1_71' title='bbox 435 966 483 992; x_wconf 88' lang='lat' dir='ltr'>ea</span> <span class='ocrx_word' id='word_1_72' title='bbox 509 951 802 1000; x_wconf 79' lang='lat' dir='ltr'>continuantur,</span> <span class='ocrx_word' id='word_1_73' title='bbox 825 949 1036 1004; x_wconf 82' lang='lat' dir='ltr'>praesidiis</span> <span class='ocrx_word' id='word_1_74' title='bbox 1059 948 1196 997; x_wconf 89' lang='lat' dir='ltr'>etiam,</span> <span class='ocrx_word' id='word_1_75' title='bbox 1218 957 1261 987; x_wconf 91' lang='lat' dir='ltr'>ut</span> <span class='ocrx_word' id='word_1_76' title='bbox 1283 947 1413 987; x_wconf 88' lang='lat' dir='ltr'>Athe-</span> 
     </span>
     <span class='ocr_line' id='line_1_11' title="bbox 175 1019 1412 1077; baseline -0.006 -11"><span class='ocrx_word' id='word_1_77' title='bbox 175 1026 236 1066; x_wconf 86' lang='lat' dir='ltr'>nis</span> <span class='ocrx_word' id='word_1_78' title='bbox 271 1024 516 1073; x_wconf 82' lang='lat' dir='ltr'>Pisistratus,</span> <span class='ocrx_word' id='word_1_79' title='bbox 545 1023 805 1077; x_wconf 80' lang='lat' dir='ltr'>saepiuntur:</span> <span class='ocrx_word' id='word_1_80' title='bbox 838 1030 1042 1075; x_wconf 85' lang='lat' dir='ltr'>postremo</span> <span class='ocrx_word' id='word_1_81' title='bbox 1081 1034 1103 1059; x_wconf 89' lang='lat' dir='ltr'>a</span> <span class='ocrx_word' id='word_1_82' title='bbox 1141 1019 1285 1074; x_wconf 86' lang='lat' dir='ltr'>quibus</span> <span class='ocrx_word' id='word_1_83' title='bbox 1318 1032 1412 1073; x_wconf 91' lang='lat' dir='ltr'>pro-</span> 
     </span>
     <span class='ocr_line' id='line_1_12' title="bbox 180 1091 1414 1147; baseline -0.006 -9"><span class='ocrx_word' id='word_1_84' title='bbox 180 1097 290 1138; x_wconf 85' lang='lat' dir='ltr'>ducti</span> <span class='ocrx_word' id='word_1_85' title='bbox 325 1105 428 1146; x_wconf 88' lang='lat' dir='ltr'>sunt,</span> <span class='ocrx_word' id='word_1_86' title='bbox 460 1096 635 1136; x_wconf 85' lang='lat' dir='ltr'>existunt</span> <span class='ocrx_word' id='word_1_87' title='bbox 658 1108 797 1135; x_wconf 90' lang='lat' dir='ltr'>eorum</span> <span class='ocrx_word' id='word_1_88' title='bbox 832 1094 1010 1147; x_wconf 87' lang='lat' dir='ltr'>ipsorum</span> <span class='ocrx_word' id='word_1_89' title='bbox 1043 1092 1226 1146; x_wconf 83' lang='lat' dir='ltr'>tyranni:</span> <span class='ocrx_word' id='word_1_90' title='bbox 1260 1105 1360 1146; x_wconf 87' lang='lat' dir='ltr'>quos</span> <span class='ocrx_word' id='word_1_91' title='bbox 1382 1091 1414 1132; x_wconf 90' lang='lat' dir='ltr'>si</span> 
     </span>
     <span class='ocr_line' id='line_1_13' title="bbox 176 1163 1414 1223; baseline -0.006 -13"><span class='ocrx_word' id='word_1_92' title='bbox 176 1169 270 1211; x_wconf 91' lang='lat' dir='ltr'>boni</span> <span class='ocrx_word' id='word_1_93' title='bbox 293 1176 593 1223; x_wconf 86' lang='lat' dir='ltr'>oppresserunt,</span> <span class='ocrx_word' id='word_1_94' title='bbox 617 1175 659 1206; x_wconf 89' lang='lat' dir='ltr'>ut</span> <span class='ocrx_word' id='word_1_95' title='bbox 694 1179 815 1220; x_wconf 81' lang='lat' dir='ltr'>saepe</span> <span class='ocrx_word' id='word_1_96' title='bbox 839 1165 894 1214; x_wconf 86' lang='lat' dir='ltr'>fit,</span> <span class='ocrx_word' id='word_1_97' title='bbox 918 1173 1125 1204; x_wconf 88' lang='lat' dir='ltr'>recreatur</span> <span class='ocrx_word' id='word_1_98' title='bbox 1152 1163 1320 1214; x_wconf 86' lang='lat' dir='ltr'>ciuitas;</span> <span class='ocrx_word' id='word_1_99' title='bbox 1354 1163 1414 1203; x_wconf 89' lang='lat' dir='ltr'>sin</span> 
     </span>
     <span class='ocr_line' id='line_1_14' title="bbox 180 1237 1414 1292; baseline -0.005 -11"><span class='ocrx_word' id='word_1_100' title='bbox 180 1241 372 1290; x_wconf 84' lang='lat' dir='ltr'>audaces,</span> <span class='ocrx_word' id='word_1_101' title='bbox 395 1240 438 1280; x_wconf 82' lang='lat' dir='ltr'>fit</span> <span class='ocrx_word' id='word_1_102' title='bbox 471 1239 538 1279; x_wconf 85' lang='lat' dir='ltr'>illa</span> <span class='ocrx_word' id='word_1_103' title='bbox 571 1238 707 1288; x_wconf 79' lang='lat' dir='ltr'>factio,</span> <span class='ocrx_word' id='word_1_104' title='bbox 731 1252 857 1292; x_wconf 82' lang='lat' dir='ltr'>genus</span> <span class='ocrx_word' id='word_1_105' title='bbox 893 1237 989 1277; x_wconf 84' lang='lat' dir='ltr'>aliut</span> <span class='ocrx_word' id='word_1_106' title='bbox 1021 1246 1312 1290; x_wconf 82' lang='lat' dir='ltr'>tyrannorum:</span> <span class='ocrx_word' id='word_1_107' title='bbox 1345 1249 1414 1276; x_wconf 88' lang='lat' dir='ltr'>ea-</span> 
     </span>
     <span class='ocr_line' id='line_1_15' title="bbox 181 1308 1415 1367; baseline -0.006 -13"><span class='ocrx_word' id='word_1_108' title='bbox 181 1314 357 1367; x_wconf 86' lang='lat' dir='ltr'>demque</span> <span class='ocrx_word' id='word_1_109' title='bbox 380 1312 504 1352; x_wconf 83' lang='lat' dir='ltr'>oritur</span> <span class='ocrx_word' id='word_1_110' title='bbox 527 1311 647 1351; x_wconf 87' lang='lat' dir='ltr'>etiam</span> <span class='ocrx_word' id='word_1_111' title='bbox 675 1324 727 1350; x_wconf 82' lang='lat' dir='ltr'>ex</span> <span class='ocrx_word' id='word_1_112' title='bbox 762 1310 829 1350; x_wconf 89' lang='lat' dir='ltr'>illo</span> <span class='ocrx_word' id='word_1_113' title='bbox 852 1323 975 1363; x_wconf 84' lang='lat' dir='ltr'>saepe</span> <span class='ocrx_word' id='word_1_114' title='bbox 1010 1308 1262 1363; x_wconf 87' lang='lat' dir='ltr'>optimatium</span> <span class='ocrx_word' id='word_1_115' title='bbox 1295 1321 1415 1362; x_wconf 87' lang='lat' dir='ltr'>prae-</span> 
     </span>
     <span class='ocr_line' id='line_1_16' title="bbox 181 1379 1414 1436; baseline -0.006 -10"><span class='ocrx_word' id='word_1_116' title='bbox 181 1386 290 1427; x_wconf 87' lang='lat' dir='ltr'>claro</span> <span class='ocrx_word' id='word_1_117' title='bbox 325 1393 442 1434; x_wconf 77' lang='lat' dir='ltr'>stam,</span> <span class='ocrx_word' id='word_1_118' title='bbox 472 1397 567 1424; x_wconf 83' lang='lat' dir='ltr'>eum</span> <span class='ocrx_word' id='word_1_119' title='bbox 601 1382 709 1436; x_wconf 86' lang='lat' dir='ltr'>ipsos</span> <span class='ocrx_word' id='word_1_120' title='bbox 741 1382 945 1436; x_wconf 78' lang='lat' dir='ltr'>principes</span> <span class='ocrx_word' id='word_1_121' title='bbox 982 1380 1114 1434; x_wconf 85' lang='lat' dir='ltr'>aliqua</span> <span class='ocrx_word' id='word_1_122' title='bbox 1150 1380 1326 1434; x_wconf 86' lang='lat' dir='ltr'>prauitas</span> <span class='ocrx_word' id='word_1_123' title='bbox 1362 1379 1414 1419; x_wconf 87' lang='lat' dir='ltr'>de</span> 
     </span>
     <span class='ocr_line' id='line_1_17' title="bbox 182 1452 1412 1509; baseline -0.006 -10"><span class='ocrx_word' id='word_1_124' title='bbox 182 1459 246 1499; x_wconf 89' lang='lat' dir='ltr'>uia</span> <span class='ocrx_word' id='word_1_125' title='bbox 270 1457 451 1499; x_wconf 74' lang='lat' dir='ltr'>deflexit,</span> <span class='ocrx_word' id='word_1_126' title='bbox 517 1456 586 1497; x_wconf 85' lang='lat' dir='ltr'>Sic</span> <span class='ocrx_word' id='word_1_127' title='bbox 608 1465 800 1509; x_wconf 80' lang='lat' dir='ltr'>tanquam</span> <span class='ocrx_word' id='word_1_128' title='bbox 823 1455 944 1508; x_wconf 86' lang='lat' dir='ltr'>pilam</span> <span class='ocrx_word' id='word_1_129' title='bbox 979 1454 1137 1508; x_wconf 88' lang='lat' dir='ltr'>rapiunt</span> <span class='ocrx_word' id='word_1_130' title='bbox 1165 1454 1266 1493; x_wconf 88' lang='lat' dir='ltr'>inter</span> <span class='ocrx_word' id='word_1_131' title='bbox 1290 1466 1332 1493; x_wconf 88' lang='lat' dir='ltr'>se</span> <span class='ocrx_word' id='word_1_132' title='bbox 1355 1452 1412 1491; x_wconf 87' lang='lat' dir='ltr'>rei</span> 
     </span>
     <span class='ocr_line' id='line_1_18' title="bbox 181 1525 1413 1586; baseline -0.006 -15"><span class='ocrx_word' id='word_1_133' title='bbox 181 1530 368 1586; x_wconf 84' lang='lat' dir='ltr'>publicae</span> <span class='ocrx_word' id='word_1_134' title='bbox 404 1539 564 1578; x_wconf 82' lang='lat' dir='ltr'>statum,</span> <span class='ocrx_word' id='word_1_135' title='bbox 600 1529 756 1582; x_wconf 83' lang='lat' dir='ltr'>tyranni</span> <span class='ocrx_word' id='word_1_136' title='bbox 794 1528 841 1567; x_wconf 81' lang='lat' dir='ltr'>ab</span> <span class='ocrx_word' id='word_1_137' title='bbox 876 1527 1070 1580; x_wconf 69' lang='lat' dir='ltr'>rcgibus3</span> <span class='ocrx_word' id='word_1_138' title='bbox 1113 1525 1162 1565; x_wconf 89' lang='lat' dir='ltr'>ab</span> <span class='ocrx_word' id='word_1_139' title='bbox 1196 1525 1243 1565; x_wconf 84' lang='lat' dir='ltr'>iis</span> <span class='ocrx_word' id='word_1_140' title='bbox 1278 1534 1413 1564; x_wconf 87' lang='lat' dir='ltr'>autem</span> 
     </span>
     <span class='ocr_line' id='line_1_19' title="bbox 182 1596 1414 1658; baseline -0.006 -15"><span class='ocrx_word' id='word_1_141' title='bbox 182 1602 386 1658; x_wconf 80' lang='lat' dir='ltr'>principes</span> <span class='ocrx_word' id='word_1_142' title='bbox 414 1609 480 1641; x_wconf 88' lang='lat' dir='ltr'>aut</span> <span class='ocrx_word' id='word_1_143' title='bbox 501 1600 666 1655; x_wconf 82' lang='lat' dir='ltr'>populi3</span> <span class='ocrx_word' id='word_1_144' title='bbox 700 1614 722 1639; x_wconf 87' lang='lat' dir='ltr'>a</span> <span class='ocrx_word' id='word_1_145' title='bbox 758 1599 900 1653; x_wconf 80' lang='lat' dir='ltr'>quibus</span> <span class='ocrx_word' id='word_1_146' title='bbox 930 1607 996 1638; x_wconf 85' lang='lat' dir='ltr'>aut</span> <span class='ocrx_word' id='word_1_147' title='bbox 1031 1596 1225 1638; x_wconf 84' lang='lat' dir='ltr'>sactiones</span> <span class='ocrx_word' id='word_1_148' title='bbox 1260 1605 1325 1637; x_wconf 89' lang='lat' dir='ltr'>aut</span> <span class='ocrx_word' id='word_1_149' title='bbox 1352 1605 1414 1650; x_wconf 88' lang='lat' dir='ltr'>ty-</span> 
     </span>
     <span class='ocr_line' id='line_1_20' title="bbox 183 1666 1415 1726; baseline -0.006 -11"><span class='ocrx_word' id='word_1_150' title='bbox 183 1674 322 1715; x_wconf 86' lang='lat' dir='ltr'>ranni:</span> <span class='ocrx_word' id='word_1_151' title='bbox 353 1687 430 1714; x_wconf 89' lang='lat' dir='ltr'>nec</span> <span class='ocrx_word' id='word_1_152' title='bbox 467 1672 613 1713; x_wconf 89' lang='lat' dir='ltr'>diutius</span> <span class='ocrx_word' id='word_1_153' title='bbox 647 1685 823 1726; x_wconf 88' lang='lat' dir='ltr'>unquam</span> <span class='ocrx_word' id='word_1_154' title='bbox 857 1679 1015 1710; x_wconf 89' lang='lat' dir='ltr'>tenetur</span> <span class='ocrx_word' id='word_1_155' title='bbox 1048 1669 1158 1709; x_wconf 88' lang='lat' dir='ltr'>idem</span> <span class='ocrx_word' id='word_1_156' title='bbox 1192 1667 1250 1708; x_wconf 89' lang='lat' dir='ltr'>rei</span> <span class='ocrx_word' id='word_1_157' title='bbox 1283 1666 1415 1722; x_wconf 89' lang='lat' dir='ltr'>publi-</span> 
     </span>
     <span class='ocr_line' id='line_1_21' title="bbox 184 1745 441 1788; baseline -0.012 0"><span class='ocrx_word' id='word_1_158' title='bbox 184 1760 257 1788; x_wconf 86' lang='lat' dir='ltr'>cae</span> <span class='ocrx_word' id='word_1_159' title='bbox 281 1745 441 1786; x_wconf 86' lang='lat' dir='ltr'>modus.</span> 
     </span>
    </p>

    <p class='ocr_par' dir='ltr' id='par_1_3' title="bbox 184 1810 1417 2374">
     <span class='ocr_line' id='line_1_22' title="bbox 242 1810 1416 1866; baseline -0.008 -8"><span class='ocrx_word' id='word_1_160' title='bbox 242 1816 378 1858; x_wconf 89' lang='lat' dir='ltr'><strong>XLV.</strong></span> <span class='ocrx_word' id='word_1_161' title='bbox 434 1815 559 1865; x_wconf 81' lang='lat' dir='ltr'>Quod</span> <span class='ocrx_word' id='word_1_162' title='bbox 582 1816 635 1856; x_wconf 88' lang='lat' dir='ltr'>ita</span> <span class='ocrx_word' id='word_1_163' title='bbox 657 1828 750 1855; x_wconf 83' lang='lat' dir='ltr'>cum</span> <span class='ocrx_word' id='word_1_164' title='bbox 781 1814 843 1864; x_wconf 89' lang='lat' dir='ltr'>sit,</span> <span class='ocrx_word' id='word_1_165' title='bbox 865 1814 991 1854; x_wconf 87' lang='lat' dir='ltr'>tribus</span> <span class='ocrx_word' id='word_1_166' title='bbox 1024 1811 1163 1866; x_wconf 86' lang='lat' dir='ltr'>primis</span> <span class='ocrx_word' id='word_1_167' title='bbox 1199 1810 1416 1865; x_wconf 85' lang='lat' dir='ltr'>generibus</span> 
     </span>
     <span class='ocr_line' id='line_1_23' title="bbox 184 1870 1413 1949; baseline -0.008 -19"><span class='ocrx_word' id='word_1_168' title='bbox 184 1891 303 1943; x_wconf 80' lang='lat' dir='ltr'>longe</span> <span class='ocrx_word' id='word_1_169' title='bbox 340 1897 517 1943; x_wconf 83' lang='lat' dir='ltr'>praestat</span> <span class='ocrx_word' id='word_1_170' title='bbox 540 1901 641 1949; x_wconf 71' lang='lat' dir='ltr'>¹mea</span> <span class='ocrx_word' id='word_1_171' title='bbox 680 1885 875 1926; x_wconf 79' lang='lat' dir='ltr'>sententia</span> <span class='ocrx_word' id='word_1_172' title='bbox 911 1885 1095 1938; x_wconf 79' lang='lat' dir='ltr'>regium3</span> <span class='ocrx_word' id='word_1_173' title='bbox 1127 1870 1243 1936; x_wconf 58' lang='lat' dir='ltr'>regies</span> <span class='ocrx_word' id='word_1_174' title='bbox 1280 1891 1413 1921; x_wconf 83' lang='lat' dir='ltr'>autem</span> 
     </span>
     <span class='ocr_line' id='line_1_24' title="bbox 186 1958 1415 2016; baseline -0.009 -14"><span class='ocrx_word' id='word_1_175' title='bbox 186 1961 260 2016; x_wconf 87' lang='lat' dir='ltr'>ipsi</span> <span class='ocrx_word' id='word_1_176' title='bbox 294 1960 513 2014; x_wconf 85' lang='lat' dir='ltr'>praestabit</span> <span class='ocrx_word' id='word_1_177' title='bbox 534 1960 574 1999; x_wconf 91' lang='lat' dir='ltr'>id</span> <span class='ocrx_word' id='word_1_178' title='bbox 599 1959 705 2013; x_wconf 92' lang='lat' dir='ltr'>quod</span> <span class='ocrx_word' id='word_1_179' title='bbox 728 1958 801 1997; x_wconf 88' lang='lat' dir='ltr'>erit</span> <span class='ocrx_word' id='word_1_180' title='bbox 824 1965 1039 2010; x_wconf 86' lang='lat' dir='ltr'>aequatum</span> <span class='ocrx_word' id='word_1_181' title='bbox 1075 1963 1114 1994; x_wconf 87' lang='lat' dir='ltr'>et</span> <span class='ocrx_word' id='word_1_182' title='bbox 1146 1959 1415 2007; x_wconf 81' lang='lat' dir='ltr'>temperatum</span> 
     </span>
     <span class='ocr_line' id='line_1_25' title="bbox 188 2023 1417 2085; baseline -0.007 -13"><span class='ocrx_word' id='word_1_183' title='bbox 188 2047 240 2073; x_wconf 82' lang='lat' dir='ltr'>ex</span> <span class='ocrx_word' id='word_1_184' title='bbox 261 2032 386 2072; x_wconf 82' lang='lat' dir='ltr'>tribus</span> <span class='ocrx_word' id='word_1_185' title='bbox 415 2031 574 2085; x_wconf 83' lang='lat' dir='ltr'>optimis</span> <span class='ocrx_word' id='word_1_186' title='bbox 608 2044 742 2070; x_wconf 87' lang='lat' dir='ltr'>rerum</span> <span class='ocrx_word' id='word_1_187' title='bbox 777 2029 1027 2083; x_wconf 84' lang='lat' dir='ltr'>publicarum</span> <span class='ocrx_word' id='word_1_188' title='bbox 1062 2026 1207 2067; x_wconf 86' lang='lat' dir='ltr'>modis.</span> <span class='ocrx_word' id='word_1_189' title='bbox 1272 2023 1417 2065; x_wconf 86' lang='lat' dir='ltr'>Placet</span> 
     </span>
     <span class='ocr_line' id='line_1_26' title="bbox 189 2098 1414 2157; baseline -0.007 -12"><span class='ocrx_word' id='word_1_190' title='bbox 189 2105 294 2146; x_wconf 86' lang='lat' dir='ltr'>enim</span> <span class='ocrx_word' id='word_1_191' title='bbox 319 2116 408 2144; x_wconf 84' lang='lat' dir='ltr'>esse</span> <span class='ocrx_word' id='word_1_192' title='bbox 432 2102 623 2157; x_wconf 85' lang='lat' dir='ltr'>quiddam</span> <span class='ocrx_word' id='word_1_193' title='bbox 646 2103 684 2142; x_wconf 91' lang='lat' dir='ltr'>in</span> <span class='ocrx_word' id='word_1_194' title='bbox 706 2116 749 2142; x_wconf 88' lang='lat' dir='ltr'>re</span> <span class='ocrx_word' id='word_1_195' title='bbox 772 2102 933 2156; x_wconf 82' lang='lat' dir='ltr'>publica</span> <span class='ocrx_word' id='word_1_196' title='bbox 955 2109 1162 2155; x_wconf 81' lang='lat' dir='ltr'>praestans</span> <span class='ocrx_word' id='word_1_197' title='bbox 1186 2107 1225 2138; x_wconf 88' lang='lat' dir='ltr'>ct</span> <span class='ocrx_word' id='word_1_198' title='bbox 1250 2098 1414 2152; x_wconf 78' lang='lat' dir='ltr'>regale3</span> 
     </span>
     <span class='ocr_line' id='line_1_27' title="bbox 189 2170 1414 2228; baseline -0.007 -11"><span class='ocrx_word' id='word_1_199' title='bbox 189 2191 277 2218; x_wconf 86' lang='lat' dir='ltr'>esse</span> <span class='ocrx_word' id='word_1_200' title='bbox 303 2176 396 2216; x_wconf 81' lang='lat' dir='ltr'>aliut</span> <span class='ocrx_word' id='word_1_201' title='bbox 419 2174 651 2215; x_wconf 84' lang='lat' dir='ltr'>auctoritate</span> <span class='ocrx_word' id='word_1_202' title='bbox 678 2173 904 2228; x_wconf 86' lang='lat' dir='ltr'>principum</span> <span class='ocrx_word' id='word_1_203' title='bbox 927 2182 1085 2227; x_wconf 86' lang='lat' dir='ltr'>partum</span> <span class='ocrx_word' id='word_1_204' title='bbox 1115 2184 1161 2210; x_wconf 84' lang='lat' dir='ltr'>ac</span> <span class='ocrx_word' id='word_1_205' title='bbox 1196 2170 1414 2222; x_wconf 84' lang='lat' dir='ltr'>tributum3</span> 
     </span>
     <span class='ocr_line' id='line_1_28' title="bbox 189 2242 1414 2302; baseline -0.007 -13"><span class='ocrx_word' id='word_1_206' title='bbox 189 2263 278 2290; x_wconf 83' lang='lat' dir='ltr'>esse</span> <span class='ocrx_word' id='word_1_207' title='bbox 303 2247 497 2302; x_wconf 81' lang='lat' dir='ltr'>quasdam</span> <span class='ocrx_word' id='word_1_208' title='bbox 520 2260 583 2287; x_wconf 86' lang='lat' dir='ltr'>res</span> <span class='ocrx_word' id='word_1_209' title='bbox 605 2255 783 2287; x_wconf 78' lang='lat' dir='ltr'>seruatas</span> <span class='ocrx_word' id='word_1_210' title='bbox 817 2245 966 2285; x_wconf 91' lang='lat' dir='ltr'>iudicio</span> <span class='ocrx_word' id='word_1_211' title='bbox 989 2243 1259 2296; x_wconf 85' lang='lat' dir='ltr'>uoluntatique</span> <span class='ocrx_word' id='word_1_212' title='bbox 1283 2242 1414 2282; x_wconf 82' lang='lat' dir='ltr'>multi-</span> 
     </span>
     <span class='ocr_line' id='line_1_29' title="bbox 189 2314 1412 2374; baseline -0.006 -12"><span class='ocrx_word' id='word_1_213' title='bbox 189 2320 351 2362; x_wconf 83' lang='lat' dir='ltr'>tudinis.</span> <span class='ocrx_word' id='word_1_214' title='bbox 414 2318 534 2362; x_wconf 77' lang='lat' dir='ltr'>Haec</span> <span class='ocrx_word' id='word_1_215' title='bbox 557 2319 783 2362; x_wconf 85' lang='lat' dir='ltr'>constitutio</span> <span class='ocrx_word' id='word_1_216' title='bbox 808 2318 982 2374; x_wconf 89' lang='lat' dir='ltr'>primum</span> <span class='ocrx_word' id='word_1_217' title='bbox 1005 2317 1167 2359; x_wconf 85' lang='lat' dir='ltr'>“habet</span> <span class='ocrx_word' id='word_1_218' title='bbox 1196 2314 1412 2371; x_wconf 82' lang='lat' dir='ltr'>aequabili·</span> 
     </span>
    </p>
   </div>
  </div>
 </body>
</html>
