1611 2708
737 245 883 282 Linea
921 253 952 282 1.
1419 241 1449 287 9

591 401 824 432 Desiderantur
839 401 978 440 paginae
990 401 1081 431 duae.

281 500 341 542 IV
357 531 366 540 .
385 531 394 541 .
414 531 422 541 .
442 531 451 540 .
469 500 622 541 saluam
650 514 739 541 esse
755 501 964 542 consulatu
989 502 1126 543 abiens
1141 502 1180 543 in
1194 502 1382 543 contione
1398 499 1450 543 P.

227 571 281 612 R.
306 572 414 611 idem
437 572 590 613 iurante
613 573 864 623 iurauissem,
881 571 998 612 facile
1021 573 1252 614 iniuriarum
1275 574 1453 614 omnium

180 679 184 684 ,
226 658 534 698 compensarem
563 659 702 685 curam
725 654 765 685 et
786 645 1026 685 molestiam.
1091 643 1352 701 Quamquam
1382 662 1455 688 noa

227 716 293 757 stri
317 730 434 756 casus
454 716 544 771 plus
561 717 722 757 honoris
743 716 970 756 habuerunt
985 730 1105 770 quam
1127 718 1273 758 laboris
1289 749 1299 768 ,
1322 731 1456 773 neque

226 799 378 829 tantum
400 790 623 839 molestiae,
648 798 840 844 quantum
862 788 1041 843 gloriae3
1073 789 1350 843 maioremque
1374 790 1458 830 lae-

226 861 351 901 titiam
386 876 438 902 ex
482 862 684 902 desiderio
717 862 914 902 bonorum
948 861 1220 915 percepimus,
1255 875 1375 915 quam
1405 875 1459 902 ex

227 934 374 974 laetitia
395 934 669 988 improborum
697 934 894 974 dolorem.
960 933 1045 973 Sed
1080 933 1111 972 si
1146 933 1273 983 aliter,
1295 942 1339 973 ut
1361 932 1458 982 dixi,

228 1004 456 1056 accidisset,
476 1006 541 1060 qui
564 1020 726 1061 possem
750 1004 896 1060 queri?
929 1020 1023 1046 cum
1057 1005 1154 1046 mihi
1188 1005 1284 1045 nihil
1310 1006 1460 1060 impro-

229 1079 327 1129 uiso,
350 1093 427 1119 nec
450 1080 611 1134 grauius
634 1093 755 1133 quam
778 1079 1104 1133 expectauissem
1126 1093 1200 1133 pro
1221 1078 1339 1119 tantis
1360 1076 1463 1117 meis

228 1149 344 1191 sactis
366 1151 584 1192 euenisset.
647 1151 686 1191 Is
704 1151 811 1191 enim
834 1150 1005 1200 fueram,
1029 1151 1094 1190 eui
1117 1165 1210 1190 cum
1233 1150 1374 1191 liceret
1396 1158 1464 1190 aut

227 1222 400 1263 maiores
423 1237 477 1262 ex
498 1223 578 1263 otio
601 1221 754 1263 fructus
776 1235 940 1276 capere,
965 1235 1085 1276 quam
1116 1221 1277 1270 ceteris,
1300 1228 1464 1276 propter

229 1294 382 1335 uariam
405 1293 644 1333 suauitatem
678 1293 916 1341 studiorum,
932 1293 971 1331 in
995 1292 1139 1345 quibus
1166 1306 1190 1331 a
1215 1293 1389 1345 pueritia
1404 1289 1465 1332 ui-

229 1379 399 1414 xeram3
432 1373 499 1402 aut
521 1363 652 1416 siquid
687 1363 893 1401 accideret
927 1364 1113 1402 acerbius
1148 1364 1361 1414 uniuersis,
1384 1378 1465 1405 non

230 1436 492 1493 praecipuam
515 1434 588 1474 sed
609 1448 751 1488 parem
773 1447 868 1474 cum
890 1434 1036 1474 ceteris
1055 1434 1236 1478 fortunae
1260 1437 1466 1481 condicio-

230 1524 325 1550 nem
343 1508 505 1558 subire3
536 1520 615 1546 non
638 1506 907 1547 dubitauerim
942 1521 1007 1547 me
1043 1510 1287 1562 grauissimis
1309 1520 1466 1565 tempe-

233 1581 397 1624 statibus
420 1594 467 1620 ac
489 1593 619 1633 paene
649 1578 879 1619 fluminibus
902 1579 997 1633 ipsis
1026 1580 1190 1620 obuium
1226 1580 1345 1632 serre,
1369 1597 1466 1623 con-

231 1653 523 1697 seruandorum
546 1652 696 1692 ciuium
730 1665 867 1701 causa,
892 1652 1075 1705 meisque
1109 1652 1279 1706 propriis
1306 1654 1466 1707 pericu-

234 1728 280 1768 lis
302 1740 444 1780 parere
468 1738 683 1765 commune
706 1724 870 1778 reliquis
891 1724 1031 1764 otium.
1086 1724 1236 1778 Neque
1260 1724 1366 1764 enim
1389 1724 1466 1765 hac

234 1813 306 1839 nos
328 1798 455 1852 patria
476 1797 565 1850 lege
584 1797 720 1850 genuit
743 1806 810 1836 aut
827 1796 1046 1847 educauit3
1077 1805 1120 1835 ut
1136 1795 1245 1835 nulla
1262 1795 1374 1850 quasi
1397 1796 1468 1835 ali-

235 1878 371 1909 menta
393 1878 631 1923 expectaret
653 1883 675 1909 a
696 1869 824 1919 nobis,
845 1882 892 1909 ac
915 1852 1194 1907 'tantummodo
1216 1867 1360 1907 nostris
1382 1867 1469 1921 ipsa

236 1940 461 1980 commodis
484 1940 678 1990 seruiens,
700 1948 830 1980 tutum
863 1938 1092 1994 perfugium
1115 1939 1196 1978 otio
1217 1948 1353 1978 nostro
1375 1952 1470 1993 sup-

239 2010 448 2064 peditaret,
472 2021 512 2052 et
544 2011 800 2065 tranquillum
824 2011 875 2051 ad
906 2011 1084 2065 quietem
1119 2011 1267 2060 locum,
1293 2013 1317 2033 “
1334 2010 1406 2050 sed
1428 2018 1470 2049 ut

242 2083 431 2137 plurimas
481 2094 520 2125 et
553 2084 753 2124 maximas
791 2083 913 2123 nostri
957 2082 1091 2133 animi,
1125 2081 1286 2135 ingenii,
1316 2080 1469 2120 consilii

243 2155 366 2210 partis
399 2157 485 2210 ipsa
516 2156 588 2196 sibi
626 2156 677 2195 ad
719 2154 934 2195 utilitatem
981 2168 1094 2194 suam
1139 2153 1415 2208 pigneraretur
1431 2150 1470 2202 ;”

238 2236 474 2281 tantumque
497 2227 610 2267 nobis
638 2227 678 2266 in
699 2235 879 2266 nostrum
900 2225 1101 2279 priuatum
1124 2239 1254 2274 usum,
1279 2232 1471 2278 quantum

243 2299 316 2353 ipsi
341 2312 552 2353 superesse
575 2308 725 2352 posset,
749 2298 968 2338 remiteret.
