1611 2708
275 249 367 293 12⁶2
679 264 742 293 DE
780 263 842 293 RE
881 263 1088 294 PvssL1cA

272 373 410 414 Numa
441 382 576 412 noster
598 373 776 413 maxime
799 373 972 413 tenuisse
995 373 1101 413 hunc
1139 387 1293 413 morem
1316 385 1496 415 ueterem

273 445 472 484 Graeciae
496 458 652 497 regum.
717 444 825 484 Nam
848 445 986 495 ceteri,
1021 445 1093 485 etsi
1115 445 1192 485 hoe
1229 460 1387 499 quoque
1410 461 1497 485 mu-

271 530 368 556 nere
393 515 672 569 fungebantur,
695 530 881 570 magnam
903 526 1035 556 tamen
1059 526 1213 571 partem
1236 517 1339 557 bella
1362 531 1498 571 gesse-

271 596 376 636 runt,
401 595 441 626 et
479 600 619 626 eorum
642 587 729 627 iura
766 588 988 628 coluerunt.
1051 588 1123 628 Illa
1146 598 1278 638 autem
1315 589 1499 629 diuturna

271 673 351 712 pax
386 658 547 698 Numae
583 668 710 698 mater
731 659 824 699 huic
859 660 945 699 urbi
980 660 1073 699 iuris
1104 669 1142 699 et
1176 659 1376 713 religionis
1399 659 1498 700 suit:

274 729 339 783 qui
375 729 510 782 legum
545 730 665 769 etiam
701 731 868 784 scriptor
892 729 1029 770 suisset
1068 745 1165 784 quas
1203 732 1310 770 scitis
1332 741 1498 771 extare:

274 801 380 854 quod
426 801 589 854 quidem
631 801 748 841 huius
790 801 889 841 ciuis
930 801 1150 855 proprium,
1205 802 1254 841 de
1298 816 1376 856 quo
1419 802 1501 856 agi-

272 887 362 911 mus
388 903 544 911 .....
939 900 954 910 .

333 942 489 982 ÷÷÷÷III.
526 943 610 982 Sed
647 952 781 983 tamen
819 953 861 983 ut
883 944 986 984 bono
1023 943 1295 997 patrifamilias
1327 945 1500 993 colendi,

275 1014 532 1064 aedificandi,
556 1014 816 1054 ratiocinandi
842 1015 1004 1068 quidam
1036 1030 1130 1054 usus
1153 1030 1253 1070 opus
1272 1026 1345 1055 cst.
1407 1014 1500 1055 No-

273 1086 366 1126 nius
388 1086 436 1126 de
460 1101 565 1125 num.
590 1093 626 1125 et
648 1101 725 1126 cas.
743 1086 768 1109 ἕ·
785 1086 809 1109 ³⁶

277 1189 286 1197 .
309 1189 318 1197 .
341 1189 350 1197 .
373 1189 381 1197 .
408 1156 454 1197 S,
479 1157 664 1196 radicum
683 1157 961 1210 seminumque
981 1170 1243 1210 cognoscere,
1266 1171 1361 1196 num
1381 1166 1419 1196 te
1442 1155 1502 1196 os·

275 1227 448 1268 fcndet?
481 1226 548 1267 M.
574 1227 698 1276 Nihil,
723 1228 751 1267 si
776 1228 897 1267 modo
920 1242 1020 1281 opus
1040 1228 1208 1267 extabit.
1259 1226 1305 1267 S.
1330 1227 1440 1268 Num
1463 1227 1503 1268 id

276 1300 450 1340 studium
473 1314 616 1339 censes
640 1314 728 1339 esse
752 1298 890 1338 uilici?
923 1297 991 1338 ΛΠ.
1016 1298 1184 1338 Minime
1205 1314 1216 1350 3
1240 1299 1387 1353 quippe
1411 1312 1505 1338 cum

277 1371 359 1424 agri
397 1371 552 1410 cultura
589 1370 822 1424 saepissime
855 1384 979 1424 opera
1017 1370 1192 1410 deficiat.
1258 1368 1303 1410 S.
1329 1369 1441 1424 Ergo
1463 1378 1504 1409 ut

277 1442 420 1481 uilicus
453 1450 635 1481 naturam
664 1442 745 1493 agri
780 1442 903 1490 nouit,
943 1441 1193 1495 dispensator
1230 1442 1380 1481 litteras
1403 1442 1505 1491 scit;

278 1522 446 1565 uterque
471 1521 605 1551 autem
629 1526 671 1551 se
703 1526 725 1551 a
748 1512 938 1552 scientiae
963 1513 1230 1552 delectatione
1255 1513 1303 1552 ad
1328 1513 1505 1552 efficien-

279 1584 318 1623 di
342 1583 551 1623 utilitatem
589 1581 739 1633 refert3
776 1582 832 1621 sic
870 1591 1004 1622 noster
1046 1583 1110 1622 hie
1146 1592 1278 1622 rcctor
1312 1583 1507 1622 studuerit

280 1669 376 1695 sanc
419 1654 491 1693 iuri
535 1662 575 1692 et
615 1653 770 1706 legibus
811 1653 1132 1705 cognoscendis3
1184 1652 1301 1692 sontis
1344 1652 1506 1706 quidem

281 1740 420 1766 earum
456 1725 591 1778 utique
627 1724 907 1777 perspexerit3
945 1724 1017 1763 sed
1053 1738 1094 1763 se
1133 1724 1436 1777 responsitando
1470 1733 1510 1764 et

280 1796 499 1838 lectitando
537 1805 576 1835 et
611 1795 870 1848 scriptitando
907 1809 957 1834 ne
988 1795 1193 1849 impediat,
1231 1804 1271 1834 ut
1296 1795 1406 1848 quasi
1430 1795 1508 1834 dis-

282 1881 454 1923 pensare
478 1881 562 1906 rem
586 1866 788 1920 publicam
813 1875 851 1905 et
872 1866 910 1905 in
934 1880 983 1906 ea
1006 1867 1180 1920 quodam
1203 1867 1324 1906 modo
1346 1866 1508 1906 uilicare

283 1940 433 1994 possit:
467 1938 608 1978 summi
634 1938 728 1977 iuris
760 1937 1033 1991 peritissimus,
1058 1938 1140 1977 sine
1175 1951 1252 1991 quo
1275 1937 1398 1977 iustus
1420 1951 1508 1977 esse

248 2056 251 2058 ,
285 2024 404 2051 nemo
442 2018 603 2063 potest3
639 2008 769 2048 ciuilis
805 2023 883 2048 non
917 2009 1149 2062 imperitus:
1182 2009 1253 2048 sed
1287 2008 1339 2047 ita
1370 2017 1412 2047 ut
1448 2021 1511 2047 as-

286 2092 436 2122 trorum
455 2080 709 2134 gubernator,
726 2079 983 2132 physicorum
999 2080 1181 2119 medicus
1197 2095 1208 2129 3
1223 2089 1390 2132 uterque
1406 2079 1511 2118 enim

287 2153 362 2193 illis
399 2152 448 2192 ad
473 2161 599 2191 artem
638 2164 750 2189 suam
772 2150 905 2199 utitur,
932 2150 1002 2189 sed
1026 2165 1068 2189 se
1092 2165 1114 2189 a
1152 2165 1223 2190 suo
1247 2163 1412 2190 munere
1434 2163 1511 2189 non

289 2220 470 2279 ¹impedit.
532 2222 624 2262 Illut
646 2230 779 2261 autem
802 2221 953 2260 uidebit
975 2221 1039 2261 hic
1062 2221 1122 2261 uir
1147 2251 1300 2261 .....

346 2294 420 2335 IV.
474 2293 717 2342 ciuitatibus,
735 2293 773 2332 in
798 2293 940 2346 quibus
962 2302 1158 2347 expetunt
1180 2293 1341 2333 laudem
1363 2292 1511 2345 optumi

291 2377 330 2407 ct
355 2367 493 2412 decus,
517 2364 774 2418 ignominiam
797 2363 950 2417 fugiunt
972 2379 1018 2404 ac
1043 2364 1237 2405 dedecus.
1302 2362 1393 2402 Nec
1415 2376 1511 2402 uero
