1611 2708
237 239 297 285 38
643 261 706 291 DE
744 262 807 293 RE
844 263 1053 297 PvssLicA

232 365 364 417 baros,
388 381 532 408 uereor
553 383 603 409 ne
637 369 897 415 barbarorum
921 389 993 417 rex
1032 375 1130 427 fuit3
1173 378 1231 418 sin
1254 377 1295 420 id
1317 396 1462 425 nomeu

231 438 406 478 moribus
436 440 612 481 dandum
636 452 697 483 est
728 459 807 485 non
829 445 985 501 linguis,
1009 463 1087 488 non
1126 448 1308 491 Graecos
1330 454 1462 495 minus

229 511 418 552 barbaros
442 526 560 566 quam
593 514 802 557 Romanos
826 527 934 572 puto.
999 518 1055 560 Et
1079 520 1231 575 Scipio,
1265 523 1385 578 adqui
1409 526 1461 565 ad

228 583 319 632 hoc,
359 583 409 623 de
454 599 531 639 quo
554 587 694 640 agitur,
723 603 803 629 non
838 591 1067 644 quaerimus
1090 603 1265 646 gentem,
1301 595 1462 649 ingenia

228 656 472 710 quaerimus.
538 658 580 698 Si
604 660 710 699 enirn
726 669 765 700 et
785 662 1006 715 prudentes
1022 662 1204 704 homines
1227 674 1266 705 et
1287 681 1366 706 non
1390 681 1460 706 ue-

227 736 346 779 teres,
369 743 486 783 reges
515 731 665 772 habere
688 733 915 783 uoluerunt,
939 744 1026 774 utor
1059 749 1191 789 neque
1213 738 1460 792 perantiquis

224 814 356 854 neque
380 802 605 843 inhumanis
628 818 674 844 ac
698 803 793 845 feris
814 805 997 846 testibus.

284 871 529 914 XXXVIII.
563 874 674 915 Tum
708 874 889 926 Laelius,
924 877 1046 917 uideo
1067 885 1121 927 te,
1159 877 1312 933 Scipio,
1347 880 1457 919 testi-

221 945 366 985 moniis
387 946 481 986 satis
503 946 738 987 instructum
756 962 766 987 t
799 957 859 988 set
882 948 988 1002 apud
1011 962 1091 998 me,
1127 958 1167 989 ut
1189 959 1284 1004 aput
1304 950 1454 992 bonum

220 1016 412 1067 iudicem,
448 1028 684 1072 argumenta
715 1019 804 1074 plus
828 1033 948 1073 quam
981 1028 1105 1059 testes
1126 1019 1276 1060 ualent.
1339 1020 1451 1061 Tum

222 1087 375 1142 Scipio,
399 1097 511 1130 utere
535 1090 652 1143 igitur
674 1100 924 1144 argumento,
948 1089 1079 1140 Laeli,
1102 1099 1185 1131 tute
1203 1091 1289 1145 ipse
1313 1105 1454 1133 sensus

219 1159 289 1199 tui.
344 1159 488 1211 Cuius,
512 1161 637 1215 inquit
650 1162 731 1211 ille,
755 1161 927 1202 sensus?
978 1160 1024 1202 S.
1050 1161 1093 1202 Si
1118 1163 1278 1216 quando
1296 1163 1326 1202 si
1352 1162 1453 1204 forte

219 1231 287 1271 tibi
310 1231 419 1271 uisus
435 1245 478 1272 es
500 1232 616 1272 irasci
640 1232 772 1273 alicui.
836 1231 891 1272 L.
917 1232 1008 1286 Ego
1030 1246 1129 1273 uero
1147 1233 1308 1287 saepius
1330 1247 1451 1287 quam

219 1302 381 1342 uellem.
447 1301 494 1342 S.
529 1306 554 1325 “
572 1302 716 1350 Quid?
749 1314 832 1343 tum
852 1318 945 1344 cum
967 1313 1007 1344 tu
1032 1317 1076 1344 es
1097 1304 1234 1354 iratus,
1256 1305 1453 1358 permittis

217 1374 271 1415 illi
305 1375 538 1415 iracundiae
571 1375 819 1415 dominatum
855 1376 973 1416 animi
996 1376 1050 1416 tui
1069 1375 1114 1415 ?”
1160 1374 1215 1415 L.
1241 1375 1336 1416 Non
1364 1390 1450 1417 me-

215 1445 396 1496 hercule,
430 1446 581 1500 inquit:
615 1446 727 1486 “sed
757 1447 887 1486 imitor
919 1447 1142 1500 Archytam
1176 1446 1287 1486 illum
1309 1456 1442 1487 taren·

215 1519 356 1568 tinum,
392 1518 457 1571 qui
493 1532 586 1559 cum
622 1518 672 1558 ad
707 1518 842 1558 uillam
877 1518 1068 1568 uenisset,
1104 1526 1144 1558 et
1164 1518 1299 1558 omnia
1335 1519 1448 1559 aliter

215 1589 450 1631 offendisset
472 1603 518 1629 ac
542 1590 735 1630 iusserat'’
769 1599 808 1629 te
831 1599 869 1629 te
891 1588 1109 1639 infelicem,
1144 1589 1281 1643 inquid
1304 1590 1437 1640 uilico,

214 1677 336 1718 quem
377 1676 588 1703 necassem
623 1661 702 1701 iam
743 1661 992 1710 uerberibus,
1027 1661 1100 1700 nisi
1133 1661 1254 1701 iratus
1292 1674 1438 1702 essem.

215 1734 395 1789 Optime,
433 1733 571 1787 inquid
604 1732 756 1788 Scipio.
822 1731 933 1786 Ergo
955 1731 1157 1785 Archytas
1179 1732 1444 1783 iracundiam,

213 1806 404 1855 uidelicet
436 1792 695 1847 dissidentem
719 1818 741 1844 a
762 1804 929 1853 ratione,
963 1803 1201 1843 seditionem
1226 1805 1441 1857 quandam,

213 1878 332 1936 animi
366 1890 532 1917 mouere
556 1876 743 1926 ducebat,
779 1889 870 1915 eam
904 1875 1070 1916 consilio
1108 1875 1240 1915 sedari
1265 1875 1439 1915 uolebat.

205 1949 334 1995 Adde
358 1949 578 1998 auaritiam,
610 1947 714 1988 adde
737 1947 907 2001 imperii,
931 1947 1036 1986 addc
1071 1946 1219 1999 gloriae
1243 1946 1441 1999 cupidita-

212 2031 308 2070 tem,
336 2019 441 2060 adde
464 2019 674 2069 libidines3
709 2028 748 2058 et
782 2018 877 2057 illud
901 2018 1040 2057 uidere
1063 2025 1110 2065 st,
1144 2017 1180 2055 in
1205 2017 1346 2056 animis
1368 2017 1439 2057 ho-

211 2093 363 2133 minum
385 2091 519 2144 regale
544 2090 573 2130 si
606 2089 818 2143 imperium
851 2089 899 2128 sit
920 2089 1035 2127 unius
1069 2087 1151 2127 sore
1176 2087 1437 2138 dominatum,

210 2163 363 2205 consilii
387 2162 566 2203 scilicet:
599 2175 647 2200 ca
670 2171 730 2201 est
747 2161 852 2200 enini
877 2159 994 2200 animi
1018 2173 1110 2212 pars
1132 2159 1309 2212 optima:
1341 2172 1437 2198 con-

209 2235 295 2276 silio
329 2244 463 2279 autem
498 2233 741 2282 dominante,
777 2231 927 2271 nullum
951 2244 1039 2270 esse
1075 2230 1315 2278 libidinibus,
1347 2229 1435 2268 nul-

209 2307 290 2348 ium
313 2305 524 2348 temeritati
546 2305 694 2346 locum.
758 2301 813 2345 L.
839 2302 922 2351 Sic,
946 2301 1096 2357 inquid,
1121 2309 1193 2341 cst.
1259 2298 1304 2339 S.
1331 2298 1433 2339 Pro-
