1611 2708
587 214 735 248 LlBER
773 214 837 244 VI.
1227 194 1320 240 133

87 332 186 381 cies,
230 328 495 371 Numantiam
529 326 761 368 exscindes.
827 323 911 364 Sed
953 335 1047 362 cum
1083 320 1161 360 eris
1203 333 1324 359 curru

89 402 338 457 Capitolium
375 402 573 449 inuectus,
608 397 793 438 offendes
813 409 901 436 rem
933 392 1138 449 publicam
1169 400 1327 446 pertur-

90 475 227 516 batam
249 472 425 514 consiliis
445 471 602 525 nepotis
624 470 719 510 mei.
883 456 886 460 ⁴
917 457 923 460 ”

146 545 246 588 XII.
281 545 363 586 Hic
395 554 451 594 tu,
486 542 695 592 Africane,
728 541 918 582 ostendas
951 539 1152 595 oportebit
1172 537 1325 593 patriae

94 619 232 659 lumen
255 616 391 666 animi,
423 615 585 670 ingenii,
617 614 854 669 consiliique
875 613 946 654 tui.
1012 612 1097 653 Sed
1119 611 1206 652 eius
1226 620 1330 651 tem-

89 689 199 744 poris
221 688 439 744 ancipitem
456 686 578 727 uideo
601 686 713 741 quasi
729 685 902 726 fatorum
924 686 1046 725 uiam.
1100 684 1210 725 Nam
1233 697 1328 724 cum

90 770 202 802 aetas
234 769 304 801 tua
338 768 526 814 septenos
548 758 702 799 octiens
739 757 832 798 solis
856 756 1058 798 anfractus
1092 756 1327 810 reditusque

92 832 354 882 conuenerit,
389 831 550 885 duoque
572 830 612 871 hi
634 829 805 880 numeri,
845 843 1016 884 quorum
1051 837 1220 882 uterque
1243 827 1330 881 ple-

89 916 179 952 nus,
214 901 314 942 alter
349 901 473 941 altera
495 902 546 941 de
584 915 721 951 causa,
744 901 929 951 habetur,
964 900 1135 941 circuitu
1158 898 1327 940 naturali

91 987 293 1014 summam
325 973 395 1013 tibi
430 972 591 1013 fatalem
626 971 903 1024 confecerint3
936 972 975 1012 in
998 981 1037 1012 te
1060 985 1184 1012 unum
1208 980 1328 1025 atque

92 1045 132 1085 in
168 1053 281 1084 tuum
302 1058 450 1085 nomen
473 1058 515 1084 se
537 1054 620 1085 tota
651 1054 861 1085 conuertet
886 1044 1054 1084 ciuitas:
1088 1053 1128 1084 te
1152 1053 1328 1093 senatuS,

91 1126 131 1157 te
154 1130 297 1157 omnes
317 1116 425 1167 boni,
447 1126 487 1156 te
510 1115 621 1166 socii,
653 1125 693 1156 te
716 1115 849 1156 Latini
871 1115 1155 1156 intuebuntur:
1186 1125 1229 1156 tu
1252 1115 1330 1156 eris

92 1202 209 1238 unus,
242 1188 282 1228 in
304 1201 384 1242 quo
405 1188 550 1228 nitatur
572 1188 744 1228 ciuitatis
766 1188 900 1239 salus3
933 1202 981 1228 ac
1003 1202 1055 1228 ne
1077 1188 1217 1238 multa,
1242 1188 1329 1228 dic-

92 1268 197 1300 tator
219 1273 305 1300 rem
340 1259 542 1314 publicam
569 1260 787 1315 constituas
809 1269 981 1315 oportet,
1018 1260 1050 1300 si
1072 1260 1215 1314 impias
1236 1274 1331 1315 pro-

91 1333 332 1388 pinquorum
367 1347 509 1374 manus
542 1333 745 1388 effugeris.
811 1332 893 1373 Hic
926 1347 1020 1373 cum
1059 1332 1332 1373 exclamasset

89 1402 270 1454 Laelius,
302 1404 671 1458 ingemuissentque
695 1404 821 1445 ceteri
843 1404 1154 1455 uehementius;
1186 1404 1329 1444 leniter

90 1473 272 1514 arridens
305 1473 458 1528 Scipio,
493 1488 658 1529 quaeso,
693 1475 832 1530 inquit,
867 1489 918 1516 ne
940 1490 1007 1518 me
1045 1490 1068 1516 e
1091 1490 1233 1533 somno
1255 1490 1330 1517 ex-

91 1544 237 1594 citetis,
260 1554 301 1586 et
320 1559 402 1599 pax
425 1545 474 1586 sit
494 1546 642 1597 rebus3
665 1545 799 1587 audite
822 1555 974 1587 cetera.

151 1613 270 1655 XIII.
305 1614 390 1657 Sed
414 1630 493 1670 quo
515 1617 582 1666 sis,
611 1615 819 1668 Africane,
843 1617 1013 1659 alacrior
1044 1619 1096 1660 ad
1118 1620 1330 1661 tutandum

91 1699 180 1726 rem
201 1685 419 1740 publicam,
442 1687 499 1727 sic
521 1687 695 1729 habeto:
727 1689 926 1740 omnibus,
950 1691 1017 1745 qui
1038 1692 1208 1746 patriam
1232 1707 1329 1734 con-

91 1758 302 1807 seruarint‚
335 1758 574 1810 adiuuerint,
610 1761 808 1812 auxerint,
845 1772 1003 1803 certum
1025 1777 1115 1804 esse
1152 1765 1191 1805 in
1213 1766 1330 1806 caelo

91 1829 302 1870 definitum
324 1830 473 1881 locum,
496 1832 562 1872 ubi
584 1832 691 1874 beati
715 1848 818 1874 aeuo
850 1836 1098 1890 sempiterno
1121 1837 1329 1880 fruantur:

91 1900 188 1940 nihil
210 1910 272 1941 est
288 1901 395 1942 enim
417 1902 471 1942 illi
485 1903 655 1959 principi
677 1904 786 1956 Deo,
809 1907 876 1961 qui
898 1921 1062 1950 omnem
1081 1909 1188 1952 hunc
1210 1926 1328 1953 mun-

92 1969 190 2011 dum
211 1972 326 2026 regit,
350 1972 458 2027 quod
477 1975 641 2028 quidem
663 1976 702 2016 in
719 1977 834 2018 terris
854 1978 936 2030 fiat,
961 1982 1182 2037 acceptius,
1207 1998 1327 2038 quam

90 2043 264 2084 concilia
285 2054 506 2101 coetusque
533 2047 739 2090 hominum
762 2050 847 2092 iure
871 2052 1024 2104 sociati,
1059 2069 1162 2109 quae
1185 2057 1327 2099 ciuita-

90 2122 152 2155 tes
175 2115 424 2170 appellantur
444 2132 454 2157 :
475 2118 618 2160 harum
640 2130 819 2165 rectores
839 2133 881 2166 et
901 2136 1208 2171 conseruatores
1229 2129 1322 2172 hinc

88 2185 277 2241 profecti,
298 2188 380 2231 huc
400 2199 670 2235 reuertuntur.

506 2266 558 2306 12
