<?xml version="1.0" encoding="UTF-8"?>
<!DOCTYPE html PUBLIC "-//W3C//DTD XHTML 1.0 Transitional//EN"
    "http://www.w3.org/TR/xhtml1/DTD/xhtml1-transitional.dtd">
<html xmlns="http://www.w3.org/1999/xhtml" xml:lang="en" lang="en">
 <head>
  <title>
</title>
<meta http-equiv="Content-Type" content="text/html;charset=utf-8" />
  <meta name='ocr-system' content='tesseract 3.04.00' />
  <meta name='ocr-capabilities' content='ocr_page ocr_carea ocr_par ocr_line ocrx_word'/>
</head>
<body>
  <div class='ocr_page' id='page_1' title='image "./derepublica00ciceuoft_0123.png"; bbox 0 0 1611 2708; ppageno 0'>
   <div class='ocr_carea' id='block_1_1' title="bbox 608 182 1346 230">
    <p class='ocr_par' dir='ltr' id='par_1_1' title="bbox 608 182 1346 230">
     <span class='ocr_line' id='line_1_1' title="bbox 608 182 1346 230; baseline -0.003 0"><span class='ocrx_word' id='word_1_1' title='bbox 608 199 755 230; x_wconf 68' lang='lat' dir='ltr'>mez</span> <span class='ocrx_word' id='word_1_2' title='bbox 794 198 865 229; x_wconf 90' lang='lat'>111.</span> <span class='ocrx_word' id='word_1_3' title='bbox 1284 182 1346 228; x_wconf 80' lang='lat'>89</span> 
     </span>
    </p>
   </div>
   <div class='ocr_carea' id='block_1_2' title="bbox 115 297 1383 2207">
    <p class='ocr_par' dir='ltr' id='par_1_2' title="bbox 115 297 1383 632">
     <span class='ocr_line' id='line_1_2' title="bbox 116 297 1383 363; baseline -0.002 -16"><span class='ocrx_word' id='word_1_4' title='bbox 116 308 225 358; x_wconf 82' lang='lat' dir='ltr'>tiam,</span> <span class='ocrx_word' id='word_1_5' title='bbox 250 321 353 363; x_wconf 84' lang='lat' dir='ltr'>quae</span> <span class='ocrx_word' id='word_1_6' title='bbox 389 306 695 348; x_wconf 84' lang='lat' dir='ltr'>fundamentum</span> <span class='ocrx_word' id='word_1_7' title='bbox 730 307 868 348; x_wconf 84' lang='lat' dir='ltr'>stabile</span> <span class='ocrx_word' id='word_1_8' title='bbox 903 320 982 346; x_wconf 88' lang='lat' dir='ltr'>non</span> <span class='ocrx_word' id='word_1_9' title='bbox 1011 305 1198 355; x_wconf 85' lang='lat' dir='ltr'>habebat,</span> <span class='ocrx_word' id='word_1_10' title='bbox 1228 318 1345 345; x_wconf 86' lang='lat' dir='ltr'>euer-</span> <span class='ocrx_word' id='word_1_11' title='bbox 1379 297 1383 300; x_wconf 59' lang='grc'><strong>’</strong></span> 
     </span>
     <span class='ocr_line' id='line_1_3' title="bbox 115 376 1345 433; baseline -0.002 -15"><span class='ocrx_word' id='word_1_12' title='bbox 115 388 245 431; x_wconf 83' lang='lat' dir='ltr'>teret3</span> <span class='ocrx_word' id='word_1_13' title='bbox 276 394 355 419; x_wconf 90' lang='lat' dir='ltr'>non</span> <span class='ocrx_word' id='word_1_14' title='bbox 379 379 470 433; x_wconf 86' lang='lat' dir='ltr'>quia</span> <span class='ocrx_word' id='word_1_15' title='bbox 492 378 798 432; x_wconf 79' lang='lat' dir='ltr'>uituperandam</span> <span class='ocrx_word' id='word_1_16' title='bbox 822 391 911 417; x_wconf 88' lang='lat' dir='ltr'>esse</span> <span class='ocrx_word' id='word_1_17' title='bbox 928 377 1114 417; x_wconf 84' lang='lat' dir='ltr'>iustitiam</span> <span class='ocrx_word' id='word_1_18' title='bbox 1134 376 1345 424; x_wconf 81' lang='lat' dir='ltr'>sentiebat,</span> 
     </span>
     <span class='ocr_line' id='line_1_4' title="bbox 115 446 1345 496; baseline -0.003 -6"><span class='ocrx_word' id='word_1_19' title='bbox 115 451 188 490; x_wconf 85' lang='lat' dir='ltr'>sed</span> <span class='ocrx_word' id='word_1_20' title='bbox 212 460 253 490; x_wconf 86' lang='lat' dir='ltr'>ut</span> <span class='ocrx_word' id='word_1_21' title='bbox 273 450 361 490; x_wconf 88' lang='lat' dir='ltr'>illos</span> <span class='ocrx_word' id='word_1_22' title='bbox 383 448 620 488; x_wconf 89' lang='lat' dir='ltr'>defensores</span> <span class='ocrx_word' id='word_1_23' title='bbox 643 449 728 488; x_wconf 87' lang='lat' dir='ltr'>eius</span> <span class='ocrx_word' id='word_1_24' title='bbox 750 448 984 488; x_wconf 84' lang='lat' dir='ltr'>ostenderet</span> <span class='ocrx_word' id='word_1_25' title='bbox 1004 447 1100 487; x_wconf 90' lang='lat' dir='ltr'>nihil</span> <span class='ocrx_word' id='word_1_26' title='bbox 1122 447 1235 496; x_wconf 84' lang='lat' dir='ltr'>certi,</span> <span class='ocrx_word' id='word_1_27' title='bbox 1250 446 1345 486; x_wconf 82' lang='lat' dir='ltr'>nihil</span> 
     </span>
     <span class='ocr_line' id='line_1_5' title="bbox 115 516 1344 573; baseline -0.004 -12"><span class='ocrx_word' id='word_1_28' title='bbox 115 522 217 561; x_wconf 81' lang='lat' dir='ltr'>firmi</span> <span class='ocrx_word' id='word_1_29' title='bbox 259 521 311 560; x_wconf 89' lang='lat' dir='ltr'>de</span> <span class='ocrx_word' id='word_1_30' title='bbox 352 520 500 560; x_wconf 85' lang='lat' dir='ltr'>iustitia</span> <span class='ocrx_word' id='word_1_31' title='bbox 524 519 743 573; x_wconf 86' lang='lat' dir='ltr'>disputare.</span> <span class='ocrx_word' id='word_1_32' title='bbox 806 516 1050 558; x_wconf 79' lang='lat' dir='ltr'>Lactantius</span> <span class='ocrx_word' id='word_1_33' title='bbox 1072 516 1231 572; x_wconf 75' lang='lat' dir='ltr'>epitom.</span> <span class='ocrx_word' id='word_1_34' title='bbox 1255 531 1344 572; x_wconf 80' lang='lat' dir='ltr'>cap.</span> 
     </span>
     <span class='ocr_line' id='line_1_6' title="bbox 116 590 305 632; baseline 0 -1"><span class='ocrx_word' id='word_1_35' title='bbox 116 590 204 632; x_wconf 92' lang='lat' dir='ltr'>IV.</span> <span class='ocrx_word' id='word_1_36' title='bbox 230 591 256 614; x_wconf 36' lang='grc' dir='ltr'><strong>ἦ</strong></span> <span class='ocrx_word' id='word_1_37' title='bbox 280 590 305 614; x_wconf 76' lang='lat'>÷÷</span> 
     </span>
    </p>

    <p class='ocr_par' dir='ltr' id='par_1_3' title="bbox 117 659 1344 787">
     <span class='ocr_line' id='line_1_7' title="bbox 176 659 1344 716; baseline -0.003 -14"><span class='ocrx_word' id='word_1_38' title='bbox 176 661 201 685; x_wconf 48' lang='grc' dir='ltr'>ἦε</span> <span class='ocrx_word' id='word_1_39' title='bbox 226 661 252 685; x_wconf 70' lang='lat'>÷÷</span> <span class='ocrx_word' id='word_1_40' title='bbox 274 661 427 702; x_wconf 83' lang='lat' dir='ltr'>Iustitia</span> <span class='ocrx_word' id='word_1_41' title='bbox 449 660 554 702; x_wconf 81' lang='lat' dir='ltr'>foras</span> <span class='ocrx_word' id='word_1_42' title='bbox 587 670 755 716; x_wconf 85' lang='lat' dir='ltr'>spectat,</span> <span class='ocrx_word' id='word_1_43' title='bbox 778 669 818 700; x_wconf 86' lang='lat' dir='ltr'>et</span> <span class='ocrx_word' id='word_1_44' title='bbox 839 659 1018 715; x_wconf 81' lang='lat' dir='ltr'>projecta</span> <span class='ocrx_word' id='word_1_45' title='bbox 1040 669 1122 700; x_wconf 82' lang='lat' dir='ltr'>tota</span> <span class='ocrx_word' id='word_1_46' title='bbox 1144 669 1205 700; x_wconf 83' lang='lat' dir='ltr'>est</span> <span class='ocrx_word' id='word_1_47' title='bbox 1226 669 1344 714; x_wconf 81' lang='lat' dir='ltr'>atque</span> 
     </span>
     <span class='ocr_line' id='line_1_8' title="bbox 117 731 977 787; baseline -0.001 -15"><span class='ocrx_word' id='word_1_48' title='bbox 117 733 281 773; x_wconf 82' lang='lat' dir='ltr'>eminet.</span> <span class='ocrx_word' id='word_1_49' title='bbox 343 732 400 773; x_wconf 86' lang='grc' dir='ltr'><em>Ν</em></span> <span class='ocrx_word' id='word_1_50' title='bbox 396 732 513 773; x_wconf 79' lang='lat' dir='ltr'>onius</span> <span class='ocrx_word' id='word_1_51' title='bbox 534 747 621 773; x_wconf 82' lang='lat' dir='ltr'>uoc.</span> <span class='ocrx_word' id='word_1_52' title='bbox 638 731 877 787; x_wconf 73' lang='lat' dir='ltr'>proiectum.</span> <span class='ocrx_word' id='word_1_53' title='bbox 903 731 928 754; x_wconf 43' lang='grc' dir='ltr'>ᾖ</span> <span class='ocrx_word' id='word_1_54' title='bbox 953 731 977 754; x_wconf 77' lang='lat'>-&gt;÷</span> 
     </span>
    </p>

    <p class='ocr_par' dir='ltr' id='par_1_4' title="bbox 116 803 1346 988">
     <span class='ocr_line' id='line_1_9' title="bbox 175 803 1346 858; baseline -0.003 -14"><span class='ocrx_word' id='word_1_55' title='bbox 175 803 297 851; x_wconf 81' lang='lat' dir='ltr'>Quae</span> <span class='ocrx_word' id='word_1_56' title='bbox 331 804 471 853; x_wconf 76' lang='lat' dir='ltr'>uirtus,</span> <span class='ocrx_word' id='word_1_57' title='bbox 494 813 653 858; x_wconf 84' lang='lat' dir='ltr'>praeter</span> <span class='ocrx_word' id='word_1_58' title='bbox 687 813 858 854; x_wconf 86' lang='lat' dir='ltr'>ceteras,</span> <span class='ocrx_word' id='word_1_59' title='bbox 893 812 973 843; x_wconf 84' lang='lat' dir='ltr'>tota</span> <span class='ocrx_word' id='word_1_60' title='bbox 1016 817 1058 841; x_wconf 72' lang='lat' dir='ltr'>se</span> <span class='ocrx_word' id='word_1_61' title='bbox 1102 803 1152 842; x_wconf 80' lang='lat' dir='ltr'>ad</span> <span class='ocrx_word' id='word_1_62' title='bbox 1195 803 1346 842; x_wconf 81' lang='lat' dir='ltr'>alienas</span> 
     </span>
     <span class='ocr_line' id='line_1_10' title="bbox 116 872 1346 929; baseline -0.002 -15"><span class='ocrx_word' id='word_1_63' title='bbox 116 875 282 929; x_wconf 83' lang='lat' dir='ltr'>porrigit</span> <span class='ocrx_word' id='word_1_64' title='bbox 318 875 505 915; x_wconf 83' lang='lat' dir='ltr'>utilitates</span> <span class='ocrx_word' id='word_1_65' title='bbox 543 885 662 929; x_wconf 86' lang='lat' dir='ltr'>atque</span> <span class='ocrx_word' id='word_1_66' title='bbox 699 875 889 929; x_wconf 82' lang='lat' dir='ltr'>explicat.</span> <span class='ocrx_word' id='word_1_67' title='bbox 953 873 1063 914; x_wconf 79' lang='lat' dir='ltr'>Idem</span> <span class='ocrx_word' id='word_1_68' title='bbox 1099 887 1186 913; x_wconf 65' lang='grc' dir='ltr'>που.</span> <span class='ocrx_word' id='word_1_69' title='bbox 1217 872 1346 928; x_wconf 67' lang='lat' dir='ltr'>expli-</span> 
     </span>
     <span class='ocr_line' id='line_1_11' title="bbox 117 948 322 988; baseline -0.005 0"><span class='ocrx_word' id='word_1_70' title='bbox 117 962 221 988; x_wconf 81' lang='lat' dir='ltr'>care.</span> <span class='ocrx_word' id='word_1_71' title='bbox 248 948 273 971; x_wconf 73' lang='lat'>÷÷</span> <span class='ocrx_word' id='word_1_72' title='bbox 297 948 322 971; x_wconf 75' lang='lat'>÷÷</span> 
     </span>
    </p>

    <p class='ocr_par' dir='ltr' id='par_1_5' title="bbox 116 1018 1348 2207">
     <span class='ocr_line' id='line_1_12' title="bbox 174 1018 1345 1074; baseline 0 -15"><span class='ocrx_word' id='word_1_73' title='bbox 174 1018 290 1059; x_wconf 85' lang='lat' dir='ltr'><strong>VIII.</strong></span> <span class='ocrx_word' id='word_1_74' title='bbox 317 1049 326 1060; x_wconf 87' lang='lat'><strong>.</strong></span> <span class='ocrx_word' id='word_1_75' title='bbox 353 1050 363 1059; x_wconf 88' lang='lat'><strong>.</strong></span> <span class='ocrx_word' id='word_1_76' title='bbox 389 1050 398 1059; x_wconf 93' lang='lat'>.</span> <span class='ocrx_word' id='word_1_77' title='bbox 423 1029 463 1060; x_wconf 90' lang='lat' dir='ltr'>et</span> <span class='ocrx_word' id='word_1_78' title='bbox 483 1020 678 1074; x_wconf 84' lang='lat' dir='ltr'>reperiret</span> <span class='ocrx_word' id='word_1_79' title='bbox 707 1029 747 1060; x_wconf 87' lang='lat' dir='ltr'>et</span> <span class='ocrx_word' id='word_1_80' title='bbox 778 1028 984 1070; x_wconf 74' lang='lat' dir='ltr'>tueretur3</span> <span class='ocrx_word' id='word_1_81' title='bbox 1017 1020 1115 1059; x_wconf 76' lang='lat' dir='ltr'>alter</span> <span class='ocrx_word' id='word_1_82' title='bbox 1138 1030 1272 1059; x_wconf 77' lang='lat' dir='ltr'>autem</span> <span class='ocrx_word' id='word_1_83' title='bbox 1294 1020 1345 1059; x_wconf 89' lang='lat' dir='ltr'>de</span> 
     </span>
     <span class='ocr_line' id='line_1_13' title="bbox 117 1089 1344 1145; baseline 0 -15"><span class='ocrx_word' id='word_1_84' title='bbox 117 1091 204 1144; x_wconf 87' lang='lat' dir='ltr'>ipsa</span> <span class='ocrx_word' id='word_1_85' title='bbox 244 1090 390 1130; x_wconf 83' lang='lat' dir='ltr'>iustitia</span> <span class='ocrx_word' id='word_1_86' title='bbox 425 1100 609 1144; x_wconf 83' lang='lat' dir='ltr'>quattuor</span> <span class='ocrx_word' id='word_1_87' title='bbox 650 1091 832 1145; x_wconf 87' lang='lat' dir='ltr'>impleuit</span> <span class='ocrx_word' id='word_1_88' title='bbox 873 1105 969 1131; x_wconf 83' lang='lat' dir='ltr'>sane</span> <span class='ocrx_word' id='word_1_89' title='bbox 1011 1091 1172 1144; x_wconf 76' lang='lat' dir='ltr'>grandis</span> <span class='ocrx_word' id='word_1_90' title='bbox 1208 1089 1344 1130; x_wconf 79' lang='lat' dir='ltr'>libros.</span> 
     </span>
     <span class='ocr_line' id='line_1_14' title="bbox 117 1160 1346 1216; baseline 0.001 -15"><span class='ocrx_word' id='word_1_91' title='bbox 117 1161 226 1201; x_wconf 83' lang='lat' dir='ltr'>Nam</span> <span class='ocrx_word' id='word_1_92' title='bbox 249 1162 298 1202; x_wconf 83' lang='lat' dir='ltr'>ab</span> <span class='ocrx_word' id='word_1_93' title='bbox 321 1160 552 1216; x_wconf 80' lang='lat' dir='ltr'>Chrysippo</span> <span class='ocrx_word' id='word_1_94' title='bbox 568 1162 664 1202; x_wconf 91' lang='lat' dir='ltr'>nihil</span> <span class='ocrx_word' id='word_1_95' title='bbox 686 1176 875 1216; x_wconf 82' lang='lat' dir='ltr'>magnum</span> <span class='ocrx_word' id='word_1_96' title='bbox 898 1176 975 1201; x_wconf 85' lang='lat' dir='ltr'>nec</span> <span class='ocrx_word' id='word_1_97' title='bbox 997 1162 1255 1215; x_wconf 80' lang='lat' dir='ltr'>magnificum</span> <span class='ocrx_word' id='word_1_98' title='bbox 1275 1162 1346 1202; x_wconf 82' lang='lat' dir='ltr'>de-</span> 
     </span>
     <span class='ocr_line' id='line_1_15' title="bbox 119 1233 1348 1288; baseline -0.001 -14"><span class='ocrx_word' id='word_1_99' title='bbox 119 1234 308 1283; x_wconf 81' lang='lat' dir='ltr'>sideraui‚</span> <span class='ocrx_word' id='word_1_100' title='bbox 332 1234 398 1288; x_wconf 89' lang='lat' dir='ltr'>qui</span> <span class='ocrx_word' id='word_1_101' title='bbox 433 1247 504 1274; x_wconf 81' lang='lat' dir='ltr'>suo</span> <span class='ocrx_word' id='word_1_102' title='bbox 540 1234 716 1288; x_wconf 84' lang='lat' dir='ltr'>quodam</span> <span class='ocrx_word' id='word_1_103' title='bbox 752 1248 865 1273; x_wconf 88' lang='lat' dir='ltr'>more</span> <span class='ocrx_word' id='word_1_104' title='bbox 908 1233 1094 1287; x_wconf 82' lang='lat' dir='ltr'>loquitur,</span> <span class='ocrx_word' id='word_1_105' title='bbox 1130 1243 1172 1273; x_wconf 86' lang='lat' dir='ltr'>ut</span> <span class='ocrx_word' id='word_1_106' title='bbox 1212 1234 1348 1273; x_wconf 79' lang='lat' dir='ltr'>omnia</span> 
     </span>
     <span class='ocr_line' id='line_1_16' title="bbox 117 1305 1346 1359; baseline 0 -15"><span class='ocrx_word' id='word_1_107' title='bbox 117 1305 333 1345; x_wconf 84' lang='lat' dir='ltr'>uerborum</span> <span class='ocrx_word' id='word_1_108' title='bbox 370 1305 596 1355; x_wconf 85' lang='lat' dir='ltr'>momentis,</span> <span class='ocrx_word' id='word_1_109' title='bbox 619 1319 698 1345; x_wconf 88' lang='lat' dir='ltr'>non</span> <span class='ocrx_word' id='word_1_110' title='bbox 735 1319 870 1344; x_wconf 85' lang='lat' dir='ltr'>rerum</span> <span class='ocrx_word' id='word_1_111' title='bbox 907 1305 1167 1359; x_wconf 84' lang='lat' dir='ltr'>ponderibus,</span> <span class='ocrx_word' id='word_1_112' title='bbox 1192 1305 1346 1345; x_wconf 78' lang='lat' dir='ltr'>exami—</span> 
     </span>
     <span class='ocr_line' id='line_1_17' title="bbox 116 1376 1347 1431; baseline 0 -14"><span class='ocrx_word' id='word_1_113' title='bbox 116 1387 198 1417; x_wconf 88' lang='lat' dir='ltr'>net.</span> <span class='ocrx_word' id='word_1_114' title='bbox 260 1377 425 1417; x_wconf 89' lang='lat' dir='ltr'>Illorum</span> <span class='ocrx_word' id='word_1_115' title='bbox 459 1376 531 1417; x_wconf 87' lang='lat' dir='ltr'>suit</span> <span class='ocrx_word' id='word_1_116' title='bbox 567 1377 736 1416; x_wconf 87' lang='lat' dir='ltr'>heroum</span> <span class='ocrx_word' id='word_1_117' title='bbox 779 1391 869 1416; x_wconf 84' lang='lat' dir='ltr'>eam</span> <span class='ocrx_word' id='word_1_118' title='bbox 914 1378 1113 1427; x_wconf 86' lang='lat' dir='ltr'>uirtutem,</span> <span class='ocrx_word' id='word_1_119' title='bbox 1150 1391 1251 1431; x_wconf 83' lang='lat' dir='ltr'>quae</span> <span class='ocrx_word' id='word_1_120' title='bbox 1287 1386 1347 1417; x_wconf 81' lang='lat' dir='ltr'>est.</span> 
     </span>
     <span class='ocr_line' id='line_1_18' title="bbox 117 1438 1346 1502; baseline 0 -15"><span class='ocrx_word' id='word_1_121' title='bbox 117 1462 209 1498; x_wconf 86' lang='lat' dir='ltr'>una,</span> <span class='ocrx_word' id='word_1_122' title='bbox 233 1449 264 1488; x_wconf 88' lang='lat' dir='ltr'>si</span> <span class='ocrx_word' id='word_1_123' title='bbox 298 1448 421 1487; x_wconf 92' lang='lat' dir='ltr'>modo</span> <span class='ocrx_word' id='word_1_124' title='bbox 444 1457 491 1497; x_wconf 85' lang='lat' dir='ltr'>st,</span> <span class='ocrx_word' id='word_1_125' title='bbox 506 1448 683 1487; x_wconf 79' lang='lat' dir='ltr'>maxime</span> <span class='ocrx_word' id='word_1_126' title='bbox 706 1448 895 1488; x_wconf 82' lang='lat' dir='ltr'>munifica</span> <span class='ocrx_word' id='word_1_127' title='bbox 918 1457 956 1487; x_wconf 89' lang='lat' dir='ltr'>et</span> <span class='ocrx_word' id='word_1_128' title='bbox 978 1438 1165 1498; x_wconf 69' lang='lat' dir='ltr'>liberalis,</span> <span class='ocrx_word' id='word_1_129' title='bbox 1181 1459 1220 1488; x_wconf 90' lang='lat' dir='ltr'>et</span> <span class='ocrx_word' id='word_1_130' title='bbox 1243 1462 1346 1502; x_wconf 83' lang='lat' dir='ltr'>quae</span> 
     </span>
     <span class='ocr_line' id='line_1_19' title="bbox 116 1519 1346 1574; baseline 0.001 -15"><span class='ocrx_word' id='word_1_131' title='bbox 116 1519 245 1559; x_wconf 89' lang='lat' dir='ltr'>omnis</span> <span class='ocrx_word' id='word_1_132' title='bbox 268 1519 394 1573; x_wconf 79' lang='lat' dir='ltr'>magis</span> <span class='ocrx_word' id='word_1_133' title='bbox 413 1533 533 1574; x_wconf 84' lang='lat' dir='ltr'>quam</span> <span class='ocrx_word' id='word_1_134' title='bbox 556 1533 672 1573; x_wconf 88' lang='lat' dir='ltr'>sepse</span> <span class='ocrx_word' id='word_1_135' title='bbox 692 1519 841 1573; x_wconf 73' lang='lat' dir='ltr'>diliget,</span> <span class='ocrx_word' id='word_1_136' title='bbox 858 1519 942 1559; x_wconf 86' lang='lat' dir='ltr'>aliis</span> <span class='ocrx_word' id='word_1_137' title='bbox 963 1529 1056 1559; x_wconf 79' lang='lat' dir='ltr'>nata</span> <span class='ocrx_word' id='word_1_138' title='bbox 1076 1520 1207 1573; x_wconf 86' lang='lat' dir='ltr'>potius</span> <span class='ocrx_word' id='word_1_139' title='bbox 1226 1534 1346 1574; x_wconf 84' lang='lat' dir='ltr'>quam</span> 
     </span>
     <span class='ocr_line' id='line_1_20' title="bbox 118 1591 1347 1640; baseline 0 -9"><span class='ocrx_word' id='word_1_140' title='bbox 118 1591 206 1640; x_wconf 81' lang='lat' dir='ltr'>sibi,</span> <span class='ocrx_word' id='word_1_141' title='bbox 231 1592 410 1631; x_wconf 83' lang='lat' dir='ltr'>excitare</span> <span class='ocrx_word' id='word_1_142' title='bbox 434 1591 649 1640; x_wconf 84' lang='lat' dir='ltr'>iacentem,</span> <span class='ocrx_word' id='word_1_143' title='bbox 673 1602 713 1630; x_wconf 84' lang='lat' dir='ltr'>et</span> <span class='ocrx_word' id='word_1_144' title='bbox 733 1591 772 1630; x_wconf 89' lang='lat' dir='ltr'>in</span> <span class='ocrx_word' id='word_1_145' title='bbox 793 1591 860 1630; x_wconf 90' lang='lat' dir='ltr'>illo</span> <span class='ocrx_word' id='word_1_146' title='bbox 883 1591 1018 1631; x_wconf 90' lang='lat' dir='ltr'>diuino</span> <span class='ocrx_word' id='word_1_147' title='bbox 1042 1591 1139 1632; x_wconf 90' lang='lat' dir='ltr'>solio</span> <span class='ocrx_word' id='word_1_148' title='bbox 1161 1606 1240 1631; x_wconf 89' lang='lat' dir='ltr'>non</span> <span class='ocrx_word' id='word_1_149' title='bbox 1261 1592 1347 1631; x_wconf 90' lang='lat' dir='ltr'>lon—</span> 
     </span>
     <span class='ocr_line' id='line_1_21' title="bbox 118 1661 1347 1717; baseline 0.002 -15"><span class='ocrx_word' id='word_1_150' title='bbox 118 1676 168 1716; x_wconf 82' lang='lat' dir='ltr'>ge</span> <span class='ocrx_word' id='word_1_151' title='bbox 192 1677 214 1702; x_wconf 81' lang='lat' dir='ltr'><strong>a</strong></span> <span class='ocrx_word' id='word_1_152' title='bbox 237 1663 430 1717; x_wconf 80' lang='lat' dir='ltr'>sapientia</span> <span class='ocrx_word' id='word_1_153' title='bbox 451 1662 680 1702; x_wconf 83' lang='lat' dir='ltr'>conlocare.</span> <span class='ocrx_word' id='word_1_154' title='bbox 744 1661 836 1702; x_wconf 88' lang='lat' dir='ltr'>Nec</span> <span class='ocrx_word' id='word_1_155' title='bbox 859 1677 957 1703; x_wconf 87' lang='lat' dir='ltr'>uero</span> <span class='ocrx_word' id='word_1_156' title='bbox 980 1664 1053 1703; x_wconf 88' lang='lat' dir='ltr'>illis</span> <span class='ocrx_word' id='word_1_157' title='bbox 1076 1673 1143 1703; x_wconf 85' lang='lat' dir='ltr'>aut</span> <span class='ocrx_word' id='word_1_158' title='bbox 1163 1664 1347 1704; x_wconf 84' lang='lat' dir='ltr'>uoluntas</span> 
     </span>
     <span class='ocr_line' id='line_1_22' title="bbox 120 1732 1345 1789; baseline 0.002 -16"><span class='ocrx_word' id='word_1_159' title='bbox 120 1732 275 1785; x_wconf 81' lang='lat' dir='ltr'>defuit3</span> <span class='ocrx_word' id='word_1_160' title='bbox 309 1748 412 1787; x_wconf 86' lang='lat' dir='ltr'>quae</span> <span class='ocrx_word' id='word_1_161' title='bbox 436 1733 542 1773; x_wconf 89' lang='lat' dir='ltr'>enim</span> <span class='ocrx_word' id='word_1_162' title='bbox 579 1734 626 1774; x_wconf 85' lang='lat' dir='ltr'>iis</span> <span class='ocrx_word' id='word_1_163' title='bbox 660 1734 861 1774; x_wconf 87' lang='lat' dir='ltr'>scribendi</span> <span class='ocrx_word' id='word_1_164' title='bbox 892 1734 968 1774; x_wconf 81' lang='lat' dir='ltr'>alia</span> <span class='ocrx_word' id='word_1_165' title='bbox 990 1748 1126 1785; x_wconf 82' lang='lat' dir='ltr'>causa,</span> <span class='ocrx_word' id='word_1_166' title='bbox 1150 1744 1216 1775; x_wconf 80' lang='lat' dir='ltr'>aut</span> <span class='ocrx_word' id='word_1_167' title='bbox 1239 1737 1345 1789; x_wconf 86' lang='lat' dir='ltr'>quod</span> 
     </span>
     <span class='ocr_line' id='line_1_23' title="bbox 117 1805 1346 1861; baseline 0.003 -17"><span class='ocrx_word' id='word_1_168' title='bbox 117 1805 279 1845; x_wconf 91' lang='lat' dir='ltr'>omnino</span> <span class='ocrx_word' id='word_1_169' title='bbox 313 1805 523 1845; x_wconf 86' lang='lat' dir='ltr'>consilium</span> <span class='ocrx_word' id='word_1_170' title='bbox 558 1805 660 1846; x_wconf 81' lang='lat' dir='ltr'>suit?</span> <span class='ocrx_word' id='word_1_171' title='bbox 695 1815 762 1846; x_wconf 80' lang='lat' dir='ltr'>aut</span> <span class='ocrx_word' id='word_1_172' title='bbox 794 1806 1012 1860; x_wconf 80' lang='lat' dir='ltr'>ingenium,</span> <span class='ocrx_word' id='word_1_173' title='bbox 1049 1821 1127 1861; x_wconf 90' lang='lat' dir='ltr'>quo</span> <span class='ocrx_word' id='word_1_174' title='bbox 1161 1808 1346 1848; x_wconf 86' lang='lat' dir='ltr'>omnibus</span> 
     </span>
     <span class='ocr_line' id='line_1_24' title="bbox 118 1876 1345 1933; baseline 0.003 -17"><span class='ocrx_word' id='word_1_175' title='bbox 118 1877 414 1931; x_wconf 85' lang='lat' dir='ltr'>praestiterunt.</span> <span class='ocrx_word' id='word_1_176' title='bbox 480 1876 564 1917; x_wconf 89' lang='lat' dir='ltr'>Sed</span> <span class='ocrx_word' id='word_1_177' title='bbox 599 1892 738 1918; x_wconf 88' lang='lat' dir='ltr'>eorum</span> <span class='ocrx_word' id='word_1_178' title='bbox 774 1887 813 1918; x_wconf 86' lang='lat' dir='ltr'>et</span> <span class='ocrx_word' id='word_1_179' title='bbox 845 1878 1091 1919; x_wconf 81' lang='lat' dir='ltr'>uoluntatem</span> <span class='ocrx_word' id='word_1_180' title='bbox 1114 1888 1154 1918; x_wconf 89' lang='lat' dir='ltr'>et</span> <span class='ocrx_word' id='word_1_181' title='bbox 1186 1880 1345 1933; x_wconf 84' lang='lat' dir='ltr'>copiam</span> 
     </span>
     <span class='ocr_line' id='line_1_25' title="bbox 120 1949 1347 2004; baseline 0.001 -16"><span class='ocrx_word' id='word_1_182' title='bbox 120 1962 242 1989; x_wconf 83' lang='lat' dir='ltr'>causa</span> <span class='ocrx_word' id='word_1_183' title='bbox 264 1949 373 1989; x_wconf 85' lang='lat' dir='ltr'>uicit.</span> <span class='ocrx_word' id='word_1_184' title='bbox 437 1949 503 1989; x_wconf 84' lang='lat' dir='ltr'>Ius</span> <span class='ocrx_word' id='word_1_185' title='bbox 539 1949 648 1989; x_wconf 87' lang='lat' dir='ltr'>enim</span> <span class='ocrx_word' id='word_1_186' title='bbox 683 1950 733 1990; x_wconf 90' lang='lat' dir='ltr'>de</span> <span class='ocrx_word' id='word_1_187' title='bbox 770 1964 848 2004; x_wconf 89' lang='lat' dir='ltr'>quo</span> <span class='ocrx_word' id='word_1_188' title='bbox 878 1951 1121 2004; x_wconf 84' lang='lat' dir='ltr'>quaerimus,</span> <span class='ocrx_word' id='word_1_189' title='bbox 1144 1951 1262 1992; x_wconf 84' lang='lat' dir='ltr'>ciuile</span> <span class='ocrx_word' id='word_1_190' title='bbox 1286 1962 1347 1992; x_wconf 83' lang='lat' dir='ltr'>est.</span> 
     </span>
     <span class='ocr_line' id='line_1_26' title="bbox 121 2019 1345 2078; baseline 0.002 -19"><span class='ocrx_word' id='word_1_191' title='bbox 121 2019 296 2074; x_wconf 87' lang='lat' dir='ltr'>aliquod,</span> <span class='ocrx_word' id='word_1_192' title='bbox 318 2021 498 2061; x_wconf 81' lang='lat' dir='ltr'>naturale</span> <span class='ocrx_word' id='word_1_193' title='bbox 527 2021 707 2062; x_wconf 90' lang='lat' dir='ltr'>nullum:</span> <span class='ocrx_word' id='word_1_194' title='bbox 738 2037 832 2062; x_wconf 83' lang='lat' dir='ltr'>nam</span> <span class='ocrx_word' id='word_1_195' title='bbox 859 2023 890 2062; x_wconf 89' lang='lat' dir='ltr'>si</span> <span class='ocrx_word' id='word_1_196' title='bbox 924 2033 1058 2078; x_wconf 68' lang='lat' dir='ltr'>esset5</span> <span class='ocrx_word' id='word_1_197' title='bbox 1089 2032 1132 2063; x_wconf 86' lang='lat' dir='ltr'>ut</span> <span class='ocrx_word' id='word_1_198' title='bbox 1152 2024 1284 2064; x_wconf 77' lang='lat' dir='ltr'>calida</span> <span class='ocrx_word' id='word_1_199' title='bbox 1306 2034 1345 2063; x_wconf 74' lang='lat' dir='ltr'>et</span> 
     </span>
     <span class='ocr_line' id='line_1_27' title="bbox 118 2090 1344 2146; baseline 0.002 -15"><span class='ocrx_word' id='word_1_200' title='bbox 118 2090 276 2145; x_wconf 80' lang='lat' dir='ltr'>frigida,</span> <span class='ocrx_word' id='word_1_201' title='bbox 299 2101 340 2132; x_wconf 88' lang='lat' dir='ltr'>et</span> <span class='ocrx_word' id='word_1_202' title='bbox 361 2106 497 2133; x_wconf 81' lang='lat' dir='ltr'><strong>amara</strong></span> <span class='ocrx_word' id='word_1_203' title='bbox 518 2102 558 2133; x_wconf 87' lang='lat' dir='ltr'>et</span> <span class='ocrx_word' id='word_1_204' title='bbox 580 2093 740 2146; x_wconf 84' lang='lat' dir='ltr'>dulcia3</span> <span class='ocrx_word' id='word_1_205' title='bbox 773 2094 830 2136; x_wconf 86' lang='lat' dir='ltr'>sic</span> <span class='ocrx_word' id='word_1_206' title='bbox 853 2104 988 2136; x_wconf 87' lang='lat' dir='ltr'>essent</span> <span class='ocrx_word' id='word_1_207' title='bbox 1008 2095 1110 2136; x_wconf 82' lang='lat' dir='ltr'>iusta</span> <span class='ocrx_word' id='word_1_208' title='bbox 1132 2105 1172 2136; x_wconf 82' lang='lat' dir='ltr'>et</span> <span class='ocrx_word' id='word_1_209' title='bbox 1200 2095 1344 2136; x_wconf 74' lang='lat' dir='ltr'>iniusta</span> 
     </span>
     <span class='ocr_line' id='line_1_28' title="bbox 122 2164 486 2207; baseline 0.003 -3"><span class='ocrx_word' id='word_1_210' title='bbox 122 2164 267 2205; x_wconf 84' lang='lat' dir='ltr'>eadem</span> <span class='ocrx_word' id='word_1_211' title='bbox 289 2164 486 2207; x_wconf 89' lang='lat' dir='ltr'>omnibus.</span> 
     </span>
    </p>
   </div>
   <div class='ocr_carea' id='block_1_3' title="bbox 532 2237 587 2276">
    <p class='ocr_par' dir='ltr' id='par_1_6' title="bbox 532 2237 587 2276">
     <span class='ocr_line' id='line_1_29' title="bbox 532 2237 587 2276; baseline 0 -16"><span class='ocrx_word' id='word_1_212' title='bbox 532 2237 587 2276; x_wconf 40' lang='lat' dir='ltr'>S&amp;</span> 
     </span>
    </p>
   </div>
  </div>
 </body>
</html>
