1611 2708
297 254 359 300 58
703 271 766 301 DE
803 271 866 302 RE
903 271 1111 303 PVBL1CA

296 383 581 438 perceptioque
604 379 760 434 frugum
784 379 1023 421 defenditur.
1075 380 1271 435 Idemque
1293 382 1515 438 Pompilius

297 464 336 495 et
369 454 555 508 auspiciis
587 453 802 492 maioribus
835 452 1018 502 inuentis,
1052 454 1103 494 ad
1135 454 1342 508 pristinum
1376 469 1516 496 nume·

295 540 384 565 rum
407 526 486 565 duo
502 538 672 578 augures
694 523 873 574 addidit3
896 533 935 563 et
951 524 1074 564 saeris
1096 538 1117 564 e
1133 524 1355 579 principum
1377 540 1517 566 nume-

295 612 339 638 ro
360 597 569 652 pontifices
603 596 776 651 quinque
809 594 1029 650 praefecit:
1061 605 1101 636 et
1122 596 1274 637 animos
1306 597 1518 651 propositis

296 669 449 722 legibus
481 668 555 718 his,
599 681 697 722 quas
729 667 768 706 in
801 667 1067 706 monumentis
1100 667 1309 718 habemus,
1344 668 1518 708 ardentis

295 739 583 780 consuetudine
616 747 655 777 et
688 737 903 790 cupiditate
925 737 1099 776 bellandi
1133 738 1368 791 religionum
1390 739 1518 778 caeri-

294 811 436 851 moniis
458 809 677 863 mitigauit:
710 807 968 861 adiunxitque
995 817 1206 862 praeterea
1228 808 1422 859 flamines,
1455 824 1519 850 sa-

294 884 380 933 lios,
414 883 666 936 uirginesque
690 880 862 920 uestales
881 895 892 931 3
929 880 1282 934 omnisquepartis
1318 882 1519 935 religionis

295 955 426 996 statuit
444 954 704 995 sanctissime.
770 953 986 993 Sacrorum
1009 962 1140 993 autem
1159 953 1334 1007 ipsorum
1352 954 1518 1008 diligen-

293 1026 388 1066 tiam
431 1025 648 1074 difficilem,
697 1033 931 1078 apparatum
971 1023 1206 1077 perfacilem
1248 1038 1337 1064 csse
1379 1025 1517 1065 uoluit.

295 1096 403 1137 Nam
441 1110 543 1150 quae
580 1094 848 1150 perdiscenda
885 1108 1069 1147 quaeque
1101 1095 1354 1134 obseruanda
1386 1104 1520 1135 essent

295 1168 419 1207 multa
441 1166 655 1215 constituit,
678 1166 748 1205 sed
768 1179 815 1204 ea
838 1165 921 1204 sine
944 1165 1123 1218 inpensa.
1179 1165 1247 1205 Sic
1266 1165 1520 1219 religionibus

297 1237 475 1276 colendis
506 1250 672 1289 operam
705 1235 869 1283 addidit,
902 1244 1074 1274 sumtum
1097 1235 1297 1275 remouit:
1328 1236 1519 1290 idemque

296 1316 510 1357 mercatus,
532 1307 662 1355 ludos,
692 1319 912 1358 omnesque
935 1305 1203 1345 conueniundi
1226 1320 1368 1346 causas
1391 1316 1429 1346 et
1451 1321 1521 1347 ce-

297 1378 498 1418 lebritates
520 1377 682 1417 inuenit.
746 1376 905 1423 Quibus
936 1377 1056 1416 rebus
1078 1376 1272 1427 institutis,
1306 1379 1355 1417 ad
1380 1379 1519 1418 huma-

296 1449 459 1488 nitatem
497 1448 627 1501 adque
650 1446 997 1487 mansuetudInem
1035 1447 1242 1487 reuocauit
1275 1448 1426 1487 animos
1448 1449 1519 1487 ho·

296 1519 447 1559 minum
485 1518 622 1558 studiis
652 1517 827 1558 bellandi
864 1518 941 1557 iam
964 1518 1147 1557 immanis
1180 1532 1226 1558 ac
1264 1518 1384 1558 seros.
1450 1519 1517 1558 Sic

299 1590 361 1630 ille
385 1604 477 1629 cum
510 1589 880 1642 undequadraginta
902 1602 1024 1628 annos
1047 1603 1202 1629 summa
1240 1589 1276 1629 in
1298 1604 1400 1643 pace
1423 1604 1520 1630 con-

297 1660 514 1714 cordiaque
556 1660 830 1713 regnauisset:
869 1674 1082 1713 sequamur
1125 1660 1229 1699 enim
1271 1661 1519 1714 potissimum

298 1731 513 1785 Polybium
536 1741 726 1781 nostrum,
751 1746 828 1785 quo
851 1746 969 1771 nemo
988 1730 1058 1770 fuit
1079 1731 1117 1770 in
1140 1732 1397 1785 exquirendis
1418 1742 1521 1772 tem-

296 1804 458 1858 poribus
495 1804 746 1857 diligentior3
785 1803 959 1843 excessit
992 1817 1013 1842 e
1037 1803 1130 1853 uita,
1164 1804 1317 1844 duabus
1338 1804 1520 1858 praecla-

298 1874 459 1914 rissimis
482 1874 532 1914 ad
556 1874 850 1914 diuturnitatem
874 1875 929 1913 rei
951 1874 1136 1928 publicae
1168 1875 1286 1915 rebus
1308 1875 1520 1915 confirma-

298 1946 358 1994 tis,
382 1945 571 1998 religione
595 1956 711 1999 atque
736 1946 961 1985 clementia.

357 2014 452 2055 XV.
487 2015 606 2062 Quae
625 2030 717 2056 cum
737 2017 873 2070 Scipio
892 2017 1069 2067 dixisset,
1093 2030 1188 2057 uere
1207 2031 1270 2065 ne,
1289 2017 1412 2070 inquit
1429 2016 1519 2057 Ma·

298 2085 426 2135 uilius,
459 2086 535 2125 hoc
559 2087 776 2126 memoriae
813 2088 1010 2140 proditum
1044 2098 1116 2137 est,
1154 2087 1359 2137 Africane,
1382 2102 1519 2142 regem

299 2158 416 2197 istum
440 2156 616 2197 Numam
640 2156 895 2211 Pythagorae
916 2159 1037 2212 ipsius
1059 2160 1311 2213 discipulum,
1340 2173 1388 2198 an
1409 2167 1518 2198 certe

299 2228 590 2282 pythagoreum
628 2228 783 2270 fuisse?
816 2244 936 2285 saepe
975 2231 1080 2271 enim
1117 2232 1193 2272 hoc
1218 2232 1268 2271 de
1305 2229 1518 2270 maioribus

299 2308 392 2340 natu
416 2300 654 2349 audiuimus,
692 2310 730 2341 et
752 2301 804 2342 ita
827 2301 1090 2356 intellegimus
1126 2303 1246 2357 uulgo
1268 2301 1482 2343 existimari
1508 2315 1518 2341 ς
