1538 2718
264 250 356 295 140
669 267 731 297 m:
769 267 832 297 RE
869 242 1081 299 PrssLch

259 383 351 414 eant
370 389 382 425 3
414 375 486 415 sed
510 375 721 430 loquentur
743 386 893 417 tamen.
958 378 1103 418 Sermo
1123 387 1255 418 autem
1273 378 1400 419 omnis
1417 379 1480 420 ille

258 455 299 485 et
336 447 524 499 angustiis
562 448 732 501 cingitur
766 448 812 488 iis
841 449 1064 503 regionum,
1102 463 1200 503 quas
1234 449 1377 500 uides;
1407 462 1483 490 nec

256 531 449 571 umquam
469 518 519 558 de
542 518 622 558 ullo
656 519 844 573 perennis
878 519 975 572 fuit3
1009 531 1048 561 et
1079 521 1258 561 obruitur
1280 521 1484 561 hominum

256 587 415 628 interitu
432 604 443 640 3
477 599 516 629 et
537 590 738 630 obliuione
760 592 1002 645 posteritatis
1024 593 1281 647 extinguitur.

316 657 478 700 XXIV.
513 659 634 708 Quae
657 675 750 702 cum
777 662 958 712 dixisset,
993 677 1069 717 ego
1106 677 1216 713 uero,
1240 664 1428 718 inquam,
1460 678 1485 704 o

256 730 465 782 Africane,
489 731 688 786 siquidem
709 733 814 772 bene
838 734 988 774 meritis
1011 734 1061 774 de
1088 734 1214 788 patria
1238 735 1348 788 quasi
1370 735 1485 775 limes

255 803 309 842 ad
333 803 435 842 caeli
459 803 611 843 aditum
634 813 757 857 patet,
782 818 1025 858 quamquam
1049 819 1071 845 a
1103 806 1269 859 pueritia
1309 806 1487 859 uestigiis

255 873 460 927 ingressus
494 875 644 928 patriis,
680 884 720 914 et
760 876 851 925 tuis,
895 876 1032 916 decori
1068 885 1201 916 uestro
1234 890 1312 915 non
1349 875 1487 927 defui;

253 959 363 986 nunc
398 954 547 995 tamen,
581 954 690 985 tanto
723 946 905 1000 praemio
938 947 1155 1000 proposito,
1199 946 1324 986 enitar
1362 946 1487 986 multo

255 1015 496 1069 uigilantius.
562 1015 618 1056 Et
651 1016 729 1066 ille,
754 1026 795 1056 tu
831 1031 928 1056 uero
964 1018 1131 1067 enitere,
1166 1027 1206 1057 et
1242 1018 1300 1057 sic
1322 1017 1486 1066 habeto,

255 1100 335 1125 non
351 1100 440 1126 esse
462 1095 502 1126 te
525 1087 751 1136 mortalem,
775 1088 846 1128 sed
870 1102 1016 1141 corpus
1038 1089 1115 1128 hoe
1137 1102 1146 1125 ε
1179 1091 1294 1128 “nee
1317 1088 1423 1127 enim
1445 1098 1487 1128 tu

257 1171 315 1207 es,
340 1171 462 1211 quem
492 1156 620 1197 forma
658 1158 732 1197 ista
769 1159 961 1207 declarat,
986 1158 1058 1198 sed
1093 1172 1207 1197 mens
1239 1158 1433 1213 cuiusque
1456 1159 1488 1199 is

256 1237 318 1269 est
342 1229 510 1283 quisque
527 1229 567 1280 ;'’
589 1243 668 1268 non
691 1243 740 1268 ea
770 1229 911 1282 figura,
943 1244 1045 1283 quae
1080 1229 1201 1283 digito
1225 1229 1488 1270 demonstrari

256 1309 402 1354 potest.
465 1300 604 1341 Deum
620 1310 658 1341 te
674 1301 790 1354 igitur
814 1302 914 1341 scito
933 1315 1021 1342 osse
1040 1316 1049 1340 ε
1072 1301 1272 1356 siquidem
1288 1301 1404 1342 Deus
1429 1310 1490 1342 est

258 1373 325 1426 qui
348 1373 470 1426 uiget,
496 1373 561 1426 qui
596 1373 727 1422 sentit,
753 1373 818 1426 qui
853 1373 1049 1422 meminit,
1089 1373 1153 1426 qui
1188 1373 1389 1427 prouidet,
1423 1372 1488 1426 qui

256 1453 339 1483 tam
362 1444 462 1497 regit
485 1453 525 1483 et
553 1444 785 1484 moderatur
816 1453 854 1483 et
884 1453 1022 1483 mouet
1043 1444 1083 1483 id
1107 1458 1266 1498 eorpus,
1286 1443 1349 1484 eui
1372 1457 1489 1497 prae-

256 1516 409 1569 positus
433 1524 506 1564 est,
531 1529 650 1568 quam
680 1515 786 1554 hunc
822 1515 1017 1554 mundum
1046 1514 1111 1553 ille
1135 1514 1322 1567 princeps
1344 1513 1490 1553 Deust

258 1594 298 1626 et
319 1595 362 1625 ut
384 1586 578 1625 mundum
602 1600 654 1624 ex
679 1585 852 1638 quadam
875 1595 988 1638 parte
1019 1584 1229 1624 mortalem
1264 1585 1348 1637 ipse
1371 1583 1488 1624 Deus

258 1667 461 1707 aeternus,
514 1657 570 1696 sie
621 1655 760 1709 fragile
811 1669 958 1708 corpus
1015 1655 1171 1695 animus
1222 1654 1492 1709 sempiternus

258 1738 411 1768 mouet.

317 1799 457 1840 XXV.
522 1800 629 1840 Nam
654 1800 761 1854 quod
785 1813 947 1853 semper
967 1808 1166 1848 mouetur,
1186 1807 1393 1838 aeternum
1411 1807 1485 1847 est,

261 1872 368 1927 quod
404 1881 537 1912 autem
576 1886 729 1911 motum
765 1870 895 1911 adfert
929 1870 1060 1919 alicui,
1096 1870 1283 1923 quodque
1319 1869 1486 1922 agitatur

262 1944 437 1993 aliunde,
481 1944 640 1997 quando
684 1943 803 1982 {inem
838 1942 958 1982 habet
992 1951 1134 1990 motus,
1170 1940 1330 1980 uiuendi
1363 1940 1483 1979 finem

262 2016 410 2055 habeat
432 2028 601 2054 neeesse
625 2024 697 2054 est.
764 2014 904 2054 Solum
938 2013 1054 2067 igitur
1089 2012 1195 2066 quod
1222 2026 1310 2051 sese
1334 2021 1483 2059 mouet,

264 2088 355 2141 quia
378 2100 595 2140 numquam
621 2085 817 2126 deseritur
847 2099 868 2124 a
902 2097 960 2132 se,
991 2097 1207 2136 numquam
1242 2095 1291 2120 ne
1330 2082 1483 2121 moueri

265 2158 428 2212 quidem
453 2157 609 2197 desinit.
673 2155 783 2203 Quin
806 2156 925 2195 etiam
948 2155 1092 2195 ceteris
1125 2167 1226 2207 quae
1261 2162 1484 2202 mouentur,

264 2230 328 2269 hic
354 2228 454 2279 fons,
473 2229 548 2269 hoc
573 2228 811 2282 principium
841 2236 899 2266 est
922 2226 1125 2266 mouendi.
1189 2224 1392 2277 Principio
1416 2237 1484 2262 au-

264 2311 345 2341 tem
370 2300 475 2340 nulla
494 2309 552 2340 est
575 2301 686 2353 origo
704 2314 713 2338 :
736 2313 826 2338 nam
843 2312 895 2338 ex
912 2297 1106 2352 principIO
1128 2296 1304 2336 oriuntur
1326 2293 1482 2333 omnia:

266 2373 396 2427 ipsum
420 2382 554 2413 autem
575 2371 682 2412 nulla
705 2385 757 2411 ex
778 2384 849 2411 re:
879 2383 955 2411 nec
979 2369 1084 2410 enim
1108 2377 1211 2408 esset
1231 2362 1478 2420 principium.
