1611 2708
242 219 304 261 90
653 234 714 263 DJ:
753 235 814 264 RE
852 235 1061 266 PVBLICA

300 339 376 380 IX.
431 339 553 381 Nune
592 350 739 391 autem,
773 342 895 396 SIquis
932 344 998 383 illo
1039 345 1237 398 pacuiano
1274 345 1468 387 inuellens

243 412 385 451 alitum.
417 411 605 465 anguium
628 427 747 452 curru
769 414 914 454 multas
932 423 971 454 et
992 415 1123 455 uarias
1145 416 1274 469 gentis
1290 426 1329 456 et
1350 416 1471 478 urbes

243 483 454 536 despicere
478 491 517 522 et
538 483 664 523 oculis
686 484 931 524 conlustrare
954 486 1077 539 possit
1097 501 1108 536 3
1141 486 1275 526 uideat
1298 486 1471 540 primum

242 556 279 593 in
303 554 368 593 illa
389 554 617 608 incorrupta
655 570 846 595 maxume
881 565 1000 610 gente
1034 558 1342 611 Aegyptiorum,
1367 570 1470 610 quae

244 625 503 679 plurimorum
527 626 780 666 saeculorum
815 636 854 667 et
892 637 1128 668 euontorum
1150 628 1387 668 memoriam
1410 628 1471 668 lit-

243 698 337 736 teris
372 697 561 746 continet,
593 698 739 737 bouem
778 698 979 751 quendam
1016 699 1145 752 putari
1180 699 1316 748 deum,
1351 713 1471 752 quem

244 769 365 823 Apim
409 769 598 822 Aegyptii
641 770 845 809 nominent
870 785 879 808 ε
924 770 1127 824 multaque
1171 770 1246 810 alia
1287 780 1473 825 portenta

245 840 350 894 apud
375 840 556 889 eosdem,
573 849 611 879 et
634 841 828 894 cuiusque
851 841 1009 894 generis
1030 841 1170 881 beluas
1192 855 1360 881 numero
1375 855 1473 881 con-

246 920 422 952 secratas
446 911 628 951 deorum.
693 910 856 951 Deinde
880 911 1095 961 Graeciae,
1119 912 1220 951 sieut
1255 912 1361 965 apud
1385 926 1471 961 nos,

246 983 414 1022 delubra
431 982 645 1035 magnifica
661 982 845 1021 humanis
862 992 1098 1022 consecrata
1117 983 1352 1032 simulacris,
1370 996 1473 1036 quae

246 1054 398 1094 Persae
422 1052 575 1093 nefaria
596 1062 836 1107 putauerunt
856 1068 865 1092 t
899 1068 1069 1107 eamque
1093 1068 1212 1093 unam
1235 1055 1286 1093 ob
1309 1068 1473 1094 causam

248 1125 411 1165 Xerxes
434 1125 669 1164 inflammari
689 1124 995 1164 Atheniensium
1019 1124 1109 1163 sana
1132 1125 1292 1164 iussisse
1316 1124 1473 1173 dicitur,

249 1197 354 1251 quod
379 1197 491 1246 deos,
516 1210 683 1249 quorum
709 1196 851 1235 domus
887 1204 992 1235 esset
1026 1195 1154 1234 omnis
1187 1195 1252 1234 hic
1287 1195 1473 1244 mundus,

249 1269 420 1308 inclusos
444 1267 660 1321 parietibus
678 1266 869 1306 contineri
892 1265 1005 1306 nefas
1023 1280 1111 1306 esse
1131 1267 1312 1306 duceret.
1377 1265 1476 1305 Post

249 1349 383 1380 autem
406 1353 499 1379 eum
522 1337 660 1378 Persis
684 1348 723 1377 et
745 1337 956 1391 Philippus
979 1337 1043 1391 qui
1067 1337 1268 1391 cogitauit,
1288 1347 1327 1377 et
1348 1337 1478 1376 Alex-

250 1412 375 1451 ander
398 1409 463 1463 qui
486 1409 620 1462 gessit,
639 1409 742 1448 hanc
765 1408 939 1448 bellandi
963 1422 1126 1447 eausam
1150 1407 1347 1448 inferebat
1369 1408 1475 1461 quod

252 1482 372 1522 uellet
395 1479 595 1519 Graeciae
618 1478 708 1518 fana
732 1479 896 1532 poenire
917 1493 926 1517 τ
950 1493 1053 1532 quae
1075 1493 1124 1518 110
1148 1479 1367 1518 reficienda
1391 1479 1475 1532 qui-

251 1555 344 1594 110111
369 1553 479 1593 Graii
504 1560 757 1605 putauerunt,
781 1559 824 1589 ut
846 1559 951 1589 esset
973 1550 1140 1603 posteris
1171 1560 1260 1590 ante
1284 1565 1328 1589 os
1351 1551 1476 1590 (locu-

252 1635 431 1665 mentum
474 1623 693 1662 Persarum
743 1621 906 1661 sceleris
953 1621 1255 1674 sempiternum.
1342 1620 1478 1668 Quam

253 1697 377 1745 multi,
401 1704 444 1735 ut
471 1694 598 1734 Tauri
632 1693 670 1732 in
705 1692 855 1741 Axino,
878 1701 920 1731 ut
953 1706 1025 1731 rex
1049 1692 1224 1745 Aegypti
1247 1691 1415 1742 Busiris,
1439 1702 1481 1732 ut

254 1768 373 1818 Galli,
404 1776 446 1807 ut
483 1765 627 1814 Poeni,
654 1764 836 1804 homines
871 1764 1078 1803 immolare
1117 1773 1156 1803 et
1185 1763 1293 1817 pium
1333 1773 1371 1803 et
1406 1764 1480 1804 diis

254 1838 542 1880 immortalibus
565 1836 831 1890 gratissimum
855 1849 942 1875 esse
962 1836 1176 1874 (luxerunt.
1239 1834 1360 1875 Uitae
1383 1849 1480 1875 uero

255 1914 429 1954 instituta
452 1912 508 1951 sie
532 1911 689 1959 distant,
714 1918 755 1948 ut
777 1907 923 1948 Cretes
947 1918 985 1948 et
1007 1909 1138 1948 Aetoli
1161 1908 1385 1948 latrocinari
1408 1908 1479 1947 110-

255 1986 573 2037 nestum'putent
593 1997 602 2021 ε
635 1981 954 2021 Lacaedemonii
977 1995 1068 2020 suos
1091 1994 1230 2020 omnes
1253 1994 1367 2033 agros
1391 1993 1479 2020 esse

258 2055 472 2098 (lietitarint
490 2068 588 2108 quos
607 2053 759 2106 spiculo
777 2062 938 2106 possent
957 2053 1162 2105 attingere.
1212 2052 1481 2092 Athenienses

260 2131 389 2170 iurare
413 2127 533 2167 etiam
556 2125 715 2179 publice
739 2124 920 2164 solebant
953 2138 1114 2163 omnem
1150 2137 1263 2163 suam
1291 2137 1380 2164 esse
1402 2133 1481 2163 ter-

262 2215 358 2249 ram,
383 2212 485 2252 quae
520 2197 650 2236 oleam
690 2194 876 2248 frugesue
913 2194 1047 2234 ferret.
1113 2195 1216 2235 Galli
1253 2204 1367 2249 turpe
1391 2208 1480 2233 esse

262 2274 413 2314 ‹lucunt
454 2270 696 2312 frumentum
738 2282 857 2310 manu
898 2282 1091 2322 quaerere
1113 2283 1121 2307 ε
1166 2268 1299 2323 itaque
1342 2266 1480 2307 armati
