1611 2708
177 218 240 263 216
588 231 651 260 DF.
688 228 751 259 RE
789 227 997 257 PVBLICA

234 339 411 381 XLVII.
465 338 575 379 Tum
611 337 790 387 Laelius,
812 346 926 377 tuum
949 349 1061 385 uero,
1084 335 1223 388 inquit,
1248 335 1399 389 Scipio,

176 427 223 452 ac
246 422 358 452 tuum
382 411 545 465 quidem
567 424 725 449 munus.
789 407 893 457 Quis
916 408 1022 448 enim
1044 417 1083 447 te
1105 406 1235 461 potius
1258 416 1326 446 aut
1351 407 1401 445 de

175 485 370 526 maiorum
401 482 549 521 dixerit
582 480 800 521 institutis?
834 494 927 520 cum
965 480 1016 519 sis
1054 478 1284 519 clarissimis
1318 478 1402 532 ipse

177 556 393 595 maioribus
411 569 420 593 ε
453 563 519 594 aut
556 554 606 594 de
644 554 795 608 optimo
834 562 935 593 statu
974 552 1145 592 ciuitatis
1163 551 1179 591 ?
1215 549 1354 604 quein*
1374 549 1404 589 si

174 630 386 679 habemus,
410 629 482 668 etsi
505 642 555 668 ne
578 642 683 667 nunc
707 627 885 681 quidem,
908 636 992 666 tum
1014 639 1112 679 uero
1135 624 1222 679 quis
1243 634 1282 664 te
1312 637 1404 677 pos-

175 702 224 741 sit
246 715 334 741 esse
353 701 555 752 florentior
573 699 589 740 ἓ
624 708 690 740 aut
712 700 762 739 de
785 698 959 738 consiliis
981 698 1019 737 in
1043 706 1247 751 posterum
1270 695 1404 749 proui-

176 773 320 814 dendis
339 771 355 812 ?
388 786 481 812 cum
503 780 560 821 tu,
579 770 735 811 duobus
757 770 873 810 huius
895 769 1003 809 urbis
1025 768 1241 809 terroribus
1265 766 1404 820 depul—

176 845 243 896 sis,
266 845 305 885 in
327 858 447 885 omne
469 853 628 898 tempus
650 841 924 898 prospexeris.

175 1079 453 1111 FRAGMENTA
475 1078 700 1109 INCERTAE
734 1076 860 1107 SEDIS
885 1076 1001 1106 APVD
1025 1075 1200 1106 NONIVM
1224 1075 1281 1104 ET
1305 1074 1405 1104 LAC-

560 1145 761 1177 TANTWM
785 1144 1018 1176 EXTANTIA.

236 1291 261 1315 ÷÷
285 1291 310 1315 ᾗ
333 1288 531 1330 XLVIII.
588 1287 672 1328 Sed
696 1286 883 1340 quoniam
905 1285 1076 1340 plurima
1092 1284 1293 1324 beneficia
1310 1296 1405 1323 con·

174 1363 273 1402 tinet
309 1362 450 1415 patria,
475 1370 514 1401 et
550 1369 609 1400 est
645 1359 841 1412 antiquior
864 1372 1023 1412 parens,
1048 1371 1166 1410 quam
1202 1355 1303 1410 siqui
1338 1370 1408 1395 cu-

176 1433 351 1484 rauerit3
394 1432 519 1472 maior
563 1431 598 1470 ei
641 1429 837 1484 prosectO,
877 1443 997 1483 quarn
1038 1428 1193 1482 parenti
1237 1427 1406 1467 debetur

177 1505 316 1558 gratia.
379 1502 547 1543 Nonius
570 1516 656 1541 uoc.
676 1500 882 1555 antiquus.
908 1500 933 1523 ÷÷
958 1500 983 1523 ᾗ

237 1575 262 1598 ÷÷
287 1575 312 1598 ’κ
336 1573 428 1614 Nec
447 1583 597 1614 tantum
616 1572 823 1626 Karthago
838 1571 1042 1611 habuisset
1058 1585 1180 1625 opum
1199 1580 1405 1611 sescentos

179 1646 262 1686 sere
286 1660 409 1686 annos
432 1646 515 1685 sine
539 1644 713 1684 consiliis
748 1652 785 1683 et
819 1643 1041 1696 disciplina.
1104 1641 1214 1682 Idem
1244 1657 1332 1697 cap.
1358 1642 1405 1682 de

178 1718 281 1758 doct.
306 1718 451 1772 innffig.
470 1717 494 1740 ἦε
519 1717 544 1740 ÷÷

238 1790 263 1813 ÷÷
287 1789 313 1813 ἦ
336 1789 599 1843 Cognoscere
633 1802 698 1827 me
734 1787 884 1836 hercle,
909 1787 1047 1840 inquit,
1071 1786 1405 1826 consuetudinem

178 1863 292 1902 istan]
312 1870 351 1900 et
368 1861 543 1900 studium
562 1860 770 1899 sermonis.
824 1857 934 1898 Idem
952 1872 1037 1898 uoc.
1057 1872 1303 1913 cognoscere.
1330 1858 1355 1881 ’κ’
1380 1858 1405 1881 ⁹*

239 1933 264 1956 ἦε
289 1932 313 1955 ÷÷
337 1931 530 1972 Profecto
555 1930 699 1986 (inquit
721 1930 889 1984 Cicero)
909 1930 1039 1970 omnis
1070 1929 1233 1969 istorum
1269 1929 1405 1983 dispu-

179 2005 288 2053 tatio,
313 2017 557 2057 quamquam
592 2002 814 2042 uberrimos
850 2000 979 2041 sontes
1014 1992 1166 2040 uirtutis
1202 2010 1241 2040 et
1275 2000 1404 2039 scien-

179 2076 256 2116 tiae
280 2075 508 2124 contineat3
540 2083 673 2114 tamen
696 2073 840 2113 collata
877 2086 969 2111 cuin
1004 2071 1145 2110 horum
1180 2071 1278 2111 actis
1312 2085 1404 2125 per-

181 2147 376 2201 fectisque
399 2146 533 2195 rebus,
556 2158 700 2184 uereor
722 2157 772 2184 ne
796 2158 873 2183 non
897 2152 1049 2182 tantum
1084 2141 1267 2182 uideatur
1303 2151 1403 2182 attu-

182 2220 272 2258 lisse
306 2217 474 2271 negotiis
510 2216 715 2256 hominum
763 2214 950 2263 utilitatis,
990 2222 1180 2267 quantum
1226 2213 1403 2253 oblecta-

181 2289 330 2330 tionem
353 2288 555 2345 quandam
571 2287 653 2328 otii.
716 2285 958 2327 Lactantius
980 2285 1073 2326 inst.
1097 2283 1180 2325 III.
1210 2285 1274 2324 16.
1302 2283 1325 2306 ÷÷
1351 2284 1374 2307 ²⁹⁵
