1611 2708
451 604 512 658 Μ.
545 605 728 648 TVLLI
762 604 1091 650 CICERONIS

318 819 454 878 DE
516 821 651 878 RE
719 820 1218 880 PVBLICA

526 1145 735 1184 INCIPIT
764 1144 930 1184 LIBER
958 1145 1010 1183 II.

206 1270 239 1311 I.
269 1270 324 1312 Ut
360 1270 485 1312 omnis
522 1270 653 1327 igitur
688 1269 800 1311 uidet
835 1270 1016 1311 incensos
1053 1270 1271 1325 cupiditate
1308 1286 1377 1313 au-

146 1343 295 1393 diendi,
318 1343 520 1397 ingressus
554 1352 615 1384 est
648 1343 704 1383 sic
739 1342 846 1396 loqui
883 1342 1035 1396 Scipio.
1100 1341 1268 1383 Catonis
1299 1343 1377 1384 hoc

144 1413 250 1454 senis
288 1423 360 1463 est,
389 1428 524 1468 quem,
557 1423 599 1453 ut
636 1413 757 1462 scitis,
789 1413 907 1452 unice
946 1412 1083 1462 dilexi,
1116 1414 1376 1468 maximeque

143 1497 231 1525 sum
266 1485 497 1535 admiratus,
528 1485 674 1539 cuique
711 1483 777 1524 uel
813 1484 936 1538 patris
968 1484 1176 1537 utriusque
1209 1484 1374 1535 iudicio,

143 1556 208 1596 uel
230 1557 350 1598 etiam
373 1571 466 1598 meo
488 1557 619 1598 studio
640 1570 707 1601 me
729 1565 856 1597 totum
884 1556 934 1596 ab
957 1555 1234 1596 adulescentia
1257 1557 1373 1597 dedi-

141 1627 180 1667 di
200 1642 212 1678 ;
243 1629 357 1669 cuius
379 1642 444 1669 me
466 1642 686 1682 numquam
723 1628 867 1668 satiare
904 1627 1032 1681 potuit
1053 1628 1207 1667 oratio:
1239 1637 1373 1669 tantus

143 1708 229 1738 erat
263 1699 303 1739 in
339 1699 501 1740 homine
537 1713 632 1739 usus
665 1699 723 1738 rei
760 1698 961 1752 publicae,
986 1712 1105 1752 quam
1129 1707 1169 1739 et
1192 1699 1299 1739 domi
1334 1708 1374 1740 et

139 1769 304 1810 militiae
326 1783 420 1810 cum
441 1771 592 1824 optime
610 1779 694 1810 tum
718 1770 839 1810 etiam
862 1769 1085 1809 diutissime
1108 1779 1310 1822 gesserat3
1333 1780 1372 1811 et

139 1841 283 1882 modus
304 1841 343 1881 in
366 1842 554 1892 dicendo,
578 1850 618 1881 et
640 1842 835 1895 grauitate
858 1841 1008 1881 mixtus
1043 1841 1170 1895 lepos,
1194 1851 1234 1881 et
1263 1857 1370 1882 sum-

138 1927 249 1953 mum
286 1913 353 1953 uel
387 1913 569 1953 discendi
604 1913 779 1953 studium
814 1913 879 1952 uel
915 1912 1103 1962 docendi,
1128 1922 1168 1953 et
1200 1914 1369 1954 orationi

138 1984 219 2024 uita
241 1985 459 2025 admodum
482 1998 721 2038 congruens.
785 1983 824 2024 Is
846 1984 984 2024 dicere
1003 1983 1170 2034 solebat,
1188 1984 1239 2025 ob
1262 1985 1368 2026 hanc

137 2069 302 2096 causam
324 2066 528 2110 praestare
554 2065 713 2097 nostrae
736 2055 909 2096 ciuitatis
931 2064 1077 2095 statum
1100 2056 1246 2096 ceteris
1268 2057 1368 2097 ciui-

133 2127 294 2177 tatibus,
334 2129 440 2181 quod
476 2129 515 2168 in
557 2128 631 2168 illis
669 2127 810 2181 singuli
849 2125 1016 2167 fuissent
1053 2127 1153 2177 sere,
1195 2142 1365 2182 quorum

134 2213 248 2239 suam
271 2199 439 2253 quisque
462 2213 548 2239 rem
568 2199 774 2254 publicam
796 2198 1098 2239 constituissent
1129 2199 1284 2252 legibus
1306 2209 1365 2239 at-

134 2284 212 2324 que
234 2271 418 2312 institutis
441 2271 549 2320 suis;
581 2280 624 2312 ut
645 2269 817 2312 Cretum
840 2269 975 2312 Minos
993 2285 1006 2321 ;
1037 2269 1363 2311 Lacaedemoni-
