1611 2708
309 227 397 272 132
713 242 775 272 DE
814 242 876 272 RE
915 242 1121 273 PvssLch

298 360 433 391 nostra
466 364 509 390 re
546 350 708 404 publica
741 361 1000 404 percontatus
1022 361 1108 393 est:
1139 354 1354 408 multisque
1391 356 1523 396 uerbis

298 422 399 461 ultro
422 422 602 476 citroque
625 422 781 473 habitis,
805 424 869 464 ille
892 424 1005 466 nobis
1028 436 1260 466 consumtus
1283 436 1342 466 est
1365 426 1464 467 dies.

355 493 411 534 X.
445 493 547 534 Post
569 504 704 535 autem
727 496 837 550 regio
856 506 1047 551 apparatu
1071 499 1227 552 accepti
1251 502 1276 520 ‘⁶
1296 513 1521 539 sermonem

1014 569 1037 588 ’²
1069 583 1162 609 cum
1186 584 1312 611 senex
1335 571 1429 611 nihil
1450 571 1523 611 nisi

296 567 334 606 in
358 566 523 606 multam
546 576 707 608 noctem
729 568 1008 622 produximus,

296 638 347 678 de
371 637 564 679 Africano
593 639 838 693 loqueretur,
876 642 1090 696 omniaque
1112 642 1198 682 eius
1231 657 1309 682 non
1332 643 1437 683 saeta
1459 657 1521 683 so-

294 710 390 759 lum,
414 711 486 750 sed
525 711 645 751 etiam
679 712 785 751 dicta
822 713 1082 753 meminisset.
1146 713 1323 764 Deinde,
1346 725 1388 754 ut
1410 715 1522 754 cubi-

293 790 378 822 tum
403 782 674 833 discessimus,
698 797 763 822 me
788 792 827 823 et
849 782 998 824 fessum
1022 785 1072 824 de
1096 785 1175 835 uia,
1199 795 1238 825 et
1261 786 1326 839 qui
1349 786 1399 825 ad
1421 786 1522 825 mul-

293 862 374 893 tam
408 863 570 894 noctem
605 855 849 908 uigilassem,
888 856 1007 895 artior
1030 870 1149 910 quam
1185 857 1338 897 solebat
1359 871 1522 897 somnus

290 925 515 979 conplexus
538 935 611 965 est.
677 925 758 965 Hie
800 927 896 966 mihi
940 924 1085 981 (credo
1128 927 1318 980 equidem
1352 941 1404 967 ex
1443 928 1518 967 hoc

291 996 399 1050 quod
434 1011 594 1037 eramus
635 997 786 1038 locuti:
820 998 862 1037 fit
904 999 1010 1037 enirn
1053 997 1137 1037 sere
1174 1008 1215 1038 ut
1256 999 1518 1052 cogitationes

291 1083 579 1123 sermonesque
621 1071 742 1110 nostri
784 1072 940 1124 pariant
977 1071 1124 1124 aliquid
1167 1072 1206 1110 in
1249 1085 1390 1110 somno
1423 1071 1517 1120 tale,

290 1141 406 1194 quale
450 1141 501 1180 de
535 1140 718 1181 Homero
751 1142 885 1181 scribit
917 1141 1088 1192 Ennius,
1132 1142 1183 1181 de
1217 1156 1295 1195 quo
1329 1142 1517 1183 uidelicet

288 1212 523 1265 saepissime
555 1213 721 1266 uigilans
744 1213 897 1252 solebat
931 1214 1107 1267 cogitare
1132 1223 1171 1253 et
1192 1212 1319 1268 loqui)
1358 1214 1517 1255 Africa-

287 1298 361 1323 nus
384 1298 426 1323 se
449 1284 622 1323 ostendit
643 1284 709 1323 illa
732 1283 872 1334 forma,
902 1298 1004 1338 quae
1027 1285 1123 1324 mihi
1146 1299 1197 1324 ex
1221 1285 1392 1338 imagine
1417 1286 1514 1336 eius,

288 1368 408 1408 quam
432 1368 484 1394 ex
506 1355 593 1409 ipso
628 1364 713 1394 erat
734 1355 862 1395 notior
883 1370 891 1394 :
925 1370 1047 1410 quem
1070 1365 1111 1395 ut
1134 1357 1292 1410 agnoui,
1326 1357 1515 1411 equidem

287 1425 502 1466 cohorrui:
536 1426 607 1466 sed
642 1426 722 1476 ille,
746 1426 857 1477 ades,
890 1426 1028 1480 inquit,
1064 1427 1210 1477 animo,
1249 1437 1289 1467 et
1309 1428 1446 1467 omitte
1467 1427 1514 1467 ti-

283 1511 455 1546 morem,
482 1497 633 1551 Scipio,
658 1507 696 1537 et
720 1511 822 1551 quae
846 1498 994 1547 dicam,
1017 1499 1131 1538 trade
1153 1498 1388 1538 memoriae.

344 1567 420 1608 XI.
454 1567 637 1609 Uidesne
660 1569 767 1609 illam
790 1569 945 1619 urbem,
979 1583 1081 1623 quae
1104 1559 1246 1623 parere
1280 1569 1428 1623 populo
1450 1584 1513 1611 ro-

283 1653 404 1679 mano
427 1648 568 1679 coacta
590 1653 662 1693 per
684 1653 764 1689 me,
801 1648 970 1679 renouat
1001 1640 1164 1693 pristina
1185 1639 1305 1689 bella,
1343 1653 1419 1679 nec
1441 1655 1513 1694 po-

283 1719 360 1750 test
382 1710 628 1765 quiescere?
664 1708 922 1766 (ostendebat
959 1720 1093 1750 autem
1130 1710 1422 1765 Karthaginem
1461 1712 1512 1752 de

283 1782 464 1832 excelso,
489 1791 528 1823 et
548 1782 668 1836 pleno
700 1782 918 1832 stellarum,
942 1782 1107 1832 inlustri,
1143 1792 1183 1822 et
1204 1782 1313 1823 claro
1336 1782 1510 1836 quodam

280 1852 392 1909 loco)
432 1854 482 1894 ad
519 1868 638 1908 quarn
675 1863 715 1893 tu
753 1855 1063 1908 oppugnandam
1096 1869 1201 1894 nunc
1237 1855 1349 1895 uenis
1381 1869 1509 1909 paene

279 1924 427 1965 miles?
460 1925 564 1965 hanc
586 1925 664 1965 hoc
686 1925 846 1965 biennio
869 1926 1008 1966 consul
1031 1935 1204 1974 euertes,
1238 1926 1391 1980 eritque
1415 1940 1509 1980 cog-

279 2010 427 2035 nomen
463 1996 503 2036 id
537 1996 605 2036 tibi
642 2010 714 2049 per
755 2006 793 2036 te
826 2005 983 2050 partum
1019 1997 1125 2050 quod
1159 1997 1286 2036 habes
1321 1998 1454 2038 adhuc
1487 2011 1507 2036 a

279 2066 393 2105 nobis
416 2066 718 2107 hereditarium.
783 2066 891 2107 Cum
915 2077 1047 2107 autem
1081 2067 1372 2121 Karthaginem
1396 2068 1507 2108 dele-

278 2138 398 2187 ueris,
422 2138 666 2191 triumphum
699 2138 842 2191 egeris,
881 2151 1105 2192 censorque
1129 2137 1265 2187 fueris,
1301 2147 1341 2178 et
1362 2139 1505 2179 obieris

278 2206 432 2260 legatus
470 2209 716 2262 Aegyptum,
755 2208 928 2262 Syriam,
963 2209 1116 2259 Asiam,
1151 2209 1382 2260 Graeciam,
1406 2210 1506 2251 deli-

278 2291 372 2333 gere
408 2279 551 2319 iterum
573 2293 657 2320 eos.
683 2279 839 2328 absens,
873 2280 1103 2333 bellumque
1136 2281 1357 2323 maximum
1380 2281 1502 2321 confi—
