1611 2708
286 238 349 284 48
691 251 754 281 DE
791 251 853 282 RE
891 251 1098 282 Pvssch

285 375 398 404 orum
420 360 666 415 Lycurgus3
696 359 1018 411 Atheniensium,
1043 375 1145 415 quae
1177 375 1372 417 persaepe
1396 378 1508 406 com·

284 442 434 474 mutate
471 441 591 482 esset,
625 440 708 472 tum
740 431 943 482 Theseus,
973 442 1058 473 tum
1092 432 1245 483 Draco,
1273 442 1357 474 tum
1396 435 1506 486 Solo,

283 515 367 546 tum
390 502 636 554 Clisthenes,
657 513 741 544 tum
762 503 874 543 multi
897 503 960 544 alii
981 518 990 543 :
1022 513 1226 558 postremo
1256 518 1507 560 exsanguem

283 577 363 616 iam
396 585 436 616 et
471 576 671 616 iacentem
714 575 856 615 doctus
897 574 957 614 uir
993 575 1207 629 phalereus
1249 585 1509 617 sustentasset

282 646 518 689 Demetrius
537 662 548 699 ;
579 655 714 688 nostra
736 654 871 687 autem
893 659 958 686 res
978 646 1141 700 publica
1161 661 1240 688 non
1262 648 1378 688 unius
1401 658 1509 688 esset

280 720 441 774 ingenio
483 719 555 760 sed
597 718 839 768 multorum3
870 731 946 757 nec
984 731 1063 757 una
1100 718 1271 758 hominis
1307 720 1402 769 uita,
1435 719 1509 759 sed

282 791 431 845 aliquot
452 792 665 832 constituta
686 790 859 831 saeculis
890 799 931 829 et
963 790 1171 831 aetatibus.
1236 790 1344 831 Nam
1376 805 1507 846 neque

279 864 405 904 ullum
442 864 646 918 ingenium
682 872 835 903 tantum
873 863 1052 904 extitisse
1090 863 1265 913 dicebat,
1304 872 1345 905 ut
1387 878 1509 918 quem

279 948 345 976 res
367 936 474 976 nulla
497 934 654 989 fugeret
687 936 897 991 quisquam
930 935 1144 990 aliquando
1178 935 1344 987 fuisset3
1375 951 1508 991 neque

279 1016 425 1047 cuncta
461 1007 620 1061 ingenia
655 1008 814 1046 conlata
850 1008 889 1045 in
927 1021 1051 1045 unum
1087 1016 1241 1046 tantum
1275 1021 1394 1060 posse
1429 1022 1508 1048 uno

277 1088 459 1133 tempore
496 1077 726 1133 prouidere,
765 1086 808 1117 ut
847 1078 983 1117 omnia
1019 1078 1386 1132 complecterentur
1423 1079 1507 1119 sine

277 1163 412 1190 rerum
434 1164 507 1190 usu
531 1164 579 1190 ac
602 1158 814 1189 uetustate.
879 1147 1017 1197 Quam
1040 1149 1090 1189 ob
1113 1163 1214 1199 rem,
1237 1159 1279 1190 ut
1314 1150 1379 1190 ille
1403 1151 1507 1192 sole-

276 1221 358 1270 bat,
381 1221 435 1261 ita
455 1234 561 1261 nunc
583 1234 677 1260 mea
704 1228 863 1274 repetet
895 1220 1020 1259 oratio
1042 1220 1180 1274 populi
1201 1221 1398 1274 originem
1418 1237 1429 1273 3
1461 1222 1508 1262 li-

274 1291 418 1334 benter
440 1292 547 1332 enim
571 1292 692 1332 etiam
728 1291 854 1331 uerbo
877 1300 965 1331 utor
987 1289 1170 1331 Catonis.
1235 1289 1414 1341 Facilius
1437 1307 1507 1333 au-

274 1374 359 1406 tem
382 1364 489 1419 quod
513 1372 574 1404 est
594 1363 842 1418 propositum
877 1375 1118 1416 consequar,
1141 1362 1172 1403 si
1206 1372 1384 1404 nostram
1419 1377 1504 1404 rem

275 1436 480 1492 publicam
502 1435 617 1475 uobis
639 1443 678 1474 et
699 1443 934 1474 nascentem
969 1442 1009 1473 et
1042 1443 1297 1474 crescentem
1320 1444 1359 1474 et
1391 1435 1506 1474 adul·

274 1517 357 1549 tam
380 1516 420 1547 et
441 1507 521 1546 iam
543 1506 699 1546 firmam
723 1514 841 1559 atque
865 1504 1069 1544 robustam
1106 1504 1350 1555 ostender03
1385 1519 1506 1559 quam

275 1580 308 1620 si
342 1578 438 1619 mihi
476 1577 665 1632 aliquam,
701 1585 743 1616 ut
784 1585 879 1631 aput
920 1574 1135 1616 Platonem
1180 1576 1384 1626 Socrates,
1419 1577 1505 1631 ipse

275 1651 447 1692 finxero.

334 1722 388 1763 II.
443 1720 537 1762 Hoc
559 1734 652 1762 cum
674 1733 816 1761 omnes
845 1719 1207 1773 adprobauissent3
1240 1719 1346 1773 quod
1380 1718 1505 1760 habe-

275 1809 365 1836 mus
386 1794 504 1848 igitur
526 1793 726 1833 institutae
749 1791 806 1831 rei
843 1791 1028 1844 publicae
1061 1800 1143 1830 tam
1176 1790 1329 1831 clarum
1353 1804 1400 1831 ac
1423 1800 1504 1830 tam

276 1866 462 1908 omnibus
496 1874 636 1905 notum
673 1863 901 1911 exordium,
941 1876 1062 1916 quam
1103 1862 1220 1902 huius
1257 1863 1365 1902 urbis
1407 1876 1504 1902 con-

276 1938 436 1979 dendae
460 1936 699 1991 principium
722 1933 948 1989 profectum
986 1948 1010 1974 a
1047 1933 1260 1974 Romulo?
1295 1934 1358 1987 qui
1390 1943 1502 1987 patre

275 2009 409 2051 Marte
451 2018 597 2058 natus3
640 2007 915 2047 concedamus
957 2006 1063 2046 enim
1105 2005 1237 2045 famae
1280 2005 1502 2054 hominum,

275 2080 510 2137 praesertim
533 2094 611 2119 non
634 2080 879 2118 inueteratae
903 2078 1029 2117 solum
1065 2077 1137 2117 sed
1160 2077 1280 2117 etiam
1303 2077 1503 2130 sapienter

276 2167 299 2193 a
321 2152 536 2192 maioribus
558 2151 753 2205 proditae,
776 2150 879 2189 bene
909 2149 1037 2190 meriti
1061 2150 1112 2189 de
1135 2150 1256 2190 rebus
1278 2149 1500 2190 communi-

274 2223 348 2265 bus
370 2231 411 2263 ut
434 2236 580 2277 genere
605 2223 723 2262 etiam
752 2230 984 2275 putarentur
1016 2235 1095 2261 non
1127 2221 1254 2262 solum
1278 2234 1367 2260 esse
1390 2220 1499 2274 inge-

274 2295 339 2337 nio
362 2295 511 2337 diuino.
574 2294 615 2334 Is
635 2294 764 2348 igitur,
787 2301 829 2333 ut
864 2302 979 2334 natus
1012 2293 1059 2335 sit
1091 2306 1183 2334 cum
1206 2291 1341 2334 Remo
1364 2290 1498 2341 fratre,
