1611 2708
624 279 771 311 LmER
809 277 872 308 1v.
1095 276 1101 284 ·
1277 260 1366 305 117

150 392 321 434 suetudo
354 392 459 431 uitae
481 398 698 444 pateretur,
735 388 905 442 probare
933 400 1004 427 sua
1024 386 1187 426 theatris
1223 382 1372 436 flagitia

148 464 382 518 potuissent.
447 461 502 502 Et
539 461 687 500 Graeci
725 460 888 513 quidem
926 458 1167 512 antiquiores
1202 456 1370 496 uitiosae

149 548 244 574 suae
276 533 471 587 opinionis
504 532 703 586 quandam
738 529 1060 570 conuenientiam
1092 535 1369 576 seruauerunt,

149 604 255 658 apud
279 617 378 657 quos
410 602 481 643 suit
503 603 623 642 etiam
656 602 745 655 lege
768 614 1022 649 concessum,
1056 610 1097 639 ut
1121 599 1227 653 quod
1249 598 1372 638 uellet

148 675 374 724 comoedia,
398 674 448 714 de
473 688 551 728 quo
569 673 704 722 uellet,
727 672 974 721 nominatim,
999 671 1166 711 diceret.
1229 669 1372 724 Itaque

147 745 247 786 sicut
269 745 311 785 in
349 744 491 785 eisdem
513 743 626 785 libris
657 743 837 799 loquitur
866 742 1086 798 Africanus
1102 757 1115 782 .·
1148 741 1285 790 Quem
1307 741 1374 781 illa

148 831 228 857 non
253 816 424 870 adtigit?
457 817 522 856 uel
554 816 685 870 potius
719 830 838 870 quem
871 830 948 855 non
986 813 1182 855 uexauit?
1215 814 1279 854 cui
1302 827 1373 867 pe-

147 887 309 942 percit?
370 886 485 937 Esto,
528 887 742 941 populares
782 887 964 927 homines
1005 886 1208 940 improbos
1249 886 1288 925 in
1329 899 1372 926 re

148 958 321 1013 publica,
355 959 578 1008 seditiosos,
612 957 826 1008 Cleonem,
862 957 1174 1012 Cleophontem,
1210 955 1374 1011 Hyper-

148 1030 284 1069 bolum
306 1030 433 1070 laesit.
498 1029 720 1080 Patiamur,
742 1029 889 1085 inquit,
913 1030 986 1069 etsi
1004 1029 1201 1069 eiusmodi
1224 1029 1335 1069 ciues
1353 1042 1376 1070 a

150 1115 318 1142 censore
356 1102 498 1142 melius
520 1111 581 1142 est
618 1116 777 1156 quama
814 1112 933 1156 poeta
955 1102 1111 1142 notari:
1149 1101 1220 1141 sed
1258 1099 1375 1154 Peri-

150 1174 269 1223 clem,
292 1188 385 1213 cum
408 1175 487 1213 iam
510 1187 605 1213 suae
629 1173 777 1213 ciuitati
800 1173 977 1212 maxima
996 1173 1229 1213 auctoritate
1253 1172 1376 1226 pluri-

150 1259 236 1285 mos
260 1259 384 1285 annos
420 1245 527 1284 domi
550 1256 589 1285 et
609 1245 702 1284 belli
735 1244 986 1299 praefuisset,
1020 1244 1158 1284 uiolari
1192 1245 1375 1285 uersibus

151 1326 190 1356 et
212 1331 282 1357 eos
306 1318 367 1370 agi
391 1317 428 1356 in
452 1331 587 1366 scena,
611 1331 688 1356 non
712 1317 799 1370 plus
822 1316 971 1365 decuit,
996 1330 1115 1369 quam
1138 1316 1169 1356 si
1192 1315 1374 1366 Plautus,

151 1386 296 1441 inquit,
319 1397 454 1427 noster
475 1387 667 1427 uoluisset
693 1397 759 1427 aut
781 1387 964 1427 Naeuius
987 1387 1132 1440 Publio
1170 1397 1210 1427 et
1231 1387 1381 1428 Cnaeo

151 1457 343 1511 Scipioni,
388 1469 453 1498 aut
495 1457 700 1498 Caecilius
743 1458 885 1498 Marco
928 1458 1074 1499 Catoni
1111 1459 1375 1499 maledicere.

149 1527 311 1569 Deinde
325 1528 457 1583 paulo
472 1536 567 1583 post
583 1544 595 1568 .·
618 1529 807 1580 Nostrae,
830 1529 976 1584 inquit,
999 1539 1138 1570 contra
1159 1530 1376 1571 duodecim

150 1600 309 1640 tabulae
333 1614 426 1639 curn
463 1614 689 1653 perpaucas
720 1615 785 1640 res
816 1601 947 1654 capite
980 1601 1218 1651 sanxissent,
1255 1602 1293 1641 in
1316 1602 1377 1642 his

149 1671 255 1710 hanc
280 1684 438 1724 quoque
463 1671 721 1710 sanciendam
744 1680 983 1724 putauerunt
997 1672 1027 1711 si
1052 1672 1138 1724 quis
1159 1682 1376 1728 occentau-

154 1742 261 1790 isset,
285 1742 369 1781 siue
393 1755 556 1780 carmen
579 1741 837 1791 condidisset,
862 1742 966 1795 quod
1000 1740 1202 1782 infamiam
1226 1742 1377 1783 faceret

153 1812 398 1865 flagitiumue
438 1812 563 1851 alteri.
626 1811 871 1863 Praeclare3
903 1813 1059 1853 iudiciis
1094 1815 1199 1854 enim
1230 1816 1377 1869 magis-

152 1893 340 1933 tratuum,
377 1884 729 1937 disceptationibus
750 1884 936 1937 legitimis
968 1886 1212 1939 propositam
1236 1887 1374 1937 uitam,

153 1970 231 1995 non
249 1965 457 2008 poetarum
472 1956 652 2010 ingeniis,
675 1957 825 1996 habere
845 1957 1067 2008 debemus3
1088 1972 1164 1998 nec
1186 1958 1376 2012 probrum

154 2026 307 2076 audire,
341 2027 415 2067 nisi
453 2041 499 2066 ea
523 2027 612 2081 lege
646 2037 690 2067 ut
725 2028 971 2082 respondere
1008 2028 1140 2079 liceat,
1164 2039 1203 2069 et
1228 2029 1376 2069 iudicio

155 2095 390 2137 defendere.
452 2097 568 2138 Haec
590 2113 637 2138 eoe
666 2097 873 2139 Ciceronis
905 2106 1050 2154 quarto
1073 2100 1120 2140 cle
1152 2100 1374 2155 republica

154 2165 256 2207 libro
278 2167 333 2207 ad
354 2167 516 2208 uerbum
538 2170 782 2225 excerpenda
805 2169 1025 2211 arbitratus
1045 2187 1143 2222 sum,
1168 2171 1376 2212 nonnullis

145 2246 317 2294 propter
345 2238 576 2293 faciliorem
608 2228 848 2282 intellectum
889 2242 955 2283 uel
980 2242 1274 2298 praetermissis
1311 2242 1378 2284 uel

145 2309 365 2365 paululum
394 2312 654 2354 commutatis.
715 2312 832 2355 Dicit
852 2313 996 2356 deinde
1022 2313 1120 2365 alia,
1153 2314 1264 2356 etsie
1285 2329 1377 2356 con-
