1611 2708
639 260 782 292 LIBER
820 260 870 290 11.
1288 244 1350 290 57

134 382 289 421 uerunt,
312 381 353 411 ut
376 369 507 424 quoad
530 379 663 410 certus
683 383 756 409 rex
780 368 1005 409 declaratus
1027 376 1146 417 esset,
1169 380 1245 406 nec
1268 366 1351 406 sine

132 457 228 497 rege
246 443 400 491 ciuitas,
422 455 498 480 nec
514 440 697 480 diuturno
719 453 814 492 rege
838 449 943 479 esset
958 453 1049 488 uno,
1071 452 1147 478 nec
1170 437 1353 478 commit-

132 524 282 554 teretur
313 522 355 552 ut
377 511 585 565 quisquam
608 510 827 549 inueterata
849 518 1043 563 potestate
1068 519 1134 549 aut
1156 509 1206 549 ad
1229 508 1355 562 depo-

133 585 308 625 nendum
343 582 554 635 imperium
588 581 736 621 tardior
770 590 889 629 esset,
923 589 989 619 aut
1011 580 1061 619 ad
1095 580 1354 634 optinendum

133 654 332 694 munitior.
396 651 491 700 Quo
527 652 690 706 quidem
722 660 904 705 tempore
938 665 1066 690 nouus
1088 650 1151 690 ille
1185 651 1356 705 populus

134 726 233 766 uidit
257 734 392 765 tamen
414 724 454 764 id
478 724 583 777 quod
607 722 705 776 fugit
735 722 1083 762 lacedaemonium
1106 721 1356 775 Lycurgum,

135 797 201 851 qui
223 810 361 850 regem
383 809 462 835 non
484 794 729 848 diligendum
753 793 864 833 duxit
883 808 894 844 3
917 793 948 833 si
969 793 1091 832 modo
1113 793 1189 832 hoc
1211 792 1249 832 in
1273 792 1358 846 Ly-

135 868 246 921 curgi
267 875 462 921 potestate
485 865 612 919 potuit
633 879 748 916 esse3
771 865 843 904 sed
865 864 1094 904 habendum
1118 863 1358 917 qualiscum-

136 954 212 994 que
246 939 279 979 is
300 937 416 987 soret,
452 936 518 990 qui
540 936 661 976 modo
696 945 802 976 esset
825 935 1014 976 Herculis
1048 935 1168 989 stirpe
1191 948 1360 988 genera-

135 1021 212 1052 tus.
276 1008 414 1050 Nostri
447 1008 500 1047 illi
535 1007 655 1047 etiam
688 1016 772 1046 tum
807 1016 984 1060 agrestes
1017 1006 1215 1056 uiderunt,
1238 1005 1360 1045 uirtu-

135 1097 218 1123 tem
261 1090 301 1121 et
341 1079 576 1134 sapientiam
616 1078 794 1132 regalem
835 1092 914 1118 non
947 1078 1181 1132 progeniem
1223 1077 1361 1131 quaeri

137 1162 336 1208 oportere.

197 1224 315 1264 XIII.
350 1223 508 1272 Quibus
526 1239 618 1265 cum
641 1239 729 1265 esse
746 1234 1015 1279 praestantem
1037 1224 1214 1264 Numam
1237 1222 1361 1263 Pom-

138 1296 276 1350 pilium
311 1294 417 1335 sama
450 1295 583 1346 ferret,
618 1297 905 1349 praetermissis
938 1297 1018 1336 suis
1049 1296 1202 1336 ciuibus
1224 1308 1363 1348 regem

140 1367 405 1420 alienigenam
437 1367 613 1420 patribus
636 1368 864 1407 auctoribus
891 1367 961 1407 sibi
994 1368 1078 1421 ipse
1100 1367 1270 1420 populus
1293 1366 1363 1406 ad-

140 1436 282 1487 sciuit3
306 1451 479 1490 eumque
503 1438 554 1476 ad
576 1438 826 1491 regnandum
849 1438 1030 1477 sabinum
1051 1437 1255 1477 hominem
1278 1437 1366 1477 Ro-

140 1522 247 1548 mam
270 1507 446 1548 Curibus
478 1508 637 1548 accinit.
701 1507 784 1555 Qui
807 1517 848 1548 ut
869 1509 947 1548 huc
970 1508 1090 1558 uenit,
1123 1521 1364 1562 quamquam

140 1579 310 1633 populus
339 1580 497 1619 curiatis
531 1593 623 1619 eum
645 1579 800 1619 comitis
822 1594 961 1633 regem
993 1593 1080 1619 esse
1103 1579 1284 1629 iusserat,
1306 1589 1366 1619 ta-

140 1664 235 1690 men
257 1651 341 1704 ipse
366 1650 416 1690 de
439 1665 512 1691 suo
537 1651 704 1704 imperio
727 1651 920 1690 curiatam
942 1651 1075 1704 legem
1096 1650 1207 1690 tulit:
1238 1650 1367 1690 homi-

141 1734 294 1774 nesque
316 1735 503 1761 romanos
524 1722 698 1761 instituto
722 1721 886 1761 Romuli
912 1722 1064 1762 bellicis
1087 1722 1223 1762 studiis
1245 1731 1287 1762 ut
1308 1722 1367 1761 ui—

145 1792 201 1831 dit
222 1792 421 1841 incensos,
445 1792 689 1832 existimauit
710 1806 780 1832 eos
811 1792 974 1847 paulum
998 1793 1045 1833 ab
1068 1793 1133 1832 illa
1154 1801 1368 1833 consuetu-

145 1862 237 1902 dine
261 1876 349 1902 esse
372 1863 637 1903 reuocandos.

202 1933 319 1974 XIV.
356 1938 380 1956 ‘⁶
396 1936 459 1974 Ac
500 1935 673 1989 primum
715 1951 844 1990 agros,
888 1951 985 1991 quos
1021 1937 1127 1977 bello
1169 1937 1369 1977 Romulus

117 2015 324 2062 ceperat,
360 2006 492 2046 diuisit
528 2007 672 2047 uiritim
700 2007 853 2048 ciuibus
871 2009 908 2047 :’'
941 2009 1156 2063 docuitque
1179 2009 1262 2049 sine
1299 2009 1370 2048 de-

145 2076 400 2130 populatione
424 2086 541 2131 atque
568 2078 720 2132 praeda
739 2093 858 2134 posse
881 2093 950 2120 eos
973 2080 1152 2120 colendis
1175 2080 1278 2133 agris
1301 2080 1370 2119 ab-

147 2146 300 2186 undare
337 2149 560 2189 commodis
594 2149 803 2190 omnibus:
836 2165 1096 2205 amoremque
1132 2151 1188 2190 eis
1229 2150 1296 2190 otii
1331 2160 1371 2190 et

146 2218 258 2272 pacis
279 2218 430 2269 iniecit5
451 2220 592 2273 quibus
608 2219 794 2261 facillime
813 2221 957 2261 iustitia
979 2231 1018 2262 et
1037 2222 1140 2262 fides
1161 2221 1369 2261 conuales-

148 2288 227 2340 cit3
263 2298 302 2329 et
336 2303 504 2343 quorum
544 2291 764 2346 patrocinio
804 2292 982 2333 maxime
1024 2282 1152 2333 cultus
1186 2305 1369 2346 agrorum
