1611 2708
174 211 233 255 ¹30
579 233 642 262 nn
680 232 741 262 nn
779 233 986 266 1³vssL1cA

172 336 238 376 stri
262 337 428 379 clientes
450 354 523 394 per
546 340 726 383 delectos
748 352 787 383 et
811 344 1010 399 principes
1027 345 1138 385 ciues
1160 359 1315 387 summa
1335 348 1391 388 iu⁴

171 409 273 449 stitia
295 421 497 464 reguntur,
520 412 623 453 inest
657 423 791 454 tamen
824 415 863 455 in
897 430 946 457 ea
979 416 1216 457 condicione
1257 418 1392 472 populi

171 481 385 522 similitudo
403 484 602 537 quaedam
625 486 824 528 seruitutis
843 502 853 526 :
885 488 916 528 si
938 488 1208 529 Athenienses
1231 489 1393 543 quibus-

172 553 264 592 dam
305 556 566 609 temporibus,
594 557 748 599 sublato
783 572 997 614 areopago,
1020 560 1115 600 nihil
1148 560 1221 600 nisi
1255 559 1396 615 populi

170 625 277 665 scitis
299 640 345 666 ac
365 626 537 670 decretis
555 630 752 683 agebant3
785 631 971 684 quoniam
995 632 1200 672 distinctos
1223 631 1392 685 dignita-

169 697 217 737 tis
239 699 386 752 gradus
407 715 485 740 non
517 701 730 752 habebant,
752 716 833 742 non
865 702 1028 742 tenebat
1060 712 1243 743 ornatum
1278 715 1393 742 suum

169 769 322 810 ciuitas.

224 841 425 884 XXVIII.
478 845 612 899 Atque
641 845 718 885 hoc
755 845 895 900 loquor
918 847 969 886 de
991 846 1115 886 tribus
1136 845 1198 886 his
1232 845 1393 899 generi-

168 916 243 954 bus
265 929 398 955 rerum
432 917 683 970 publicarum
719 931 798 957 non
831 917 997 958 turbatis
1030 926 1149 971 atque
1171 916 1393 971 permixtis,

170 995 230 1025 set
265 1002 380 1026 suum
418 997 562 1028 statum
599 977 839 1029 tenentibus.
903 987 1023 1036 Quae
1047 1003 1196 1043 genera
1222 989 1394 1042 primum

171 1068 260 1098 sunt
291 1059 329 1098 in
362 1059 407 1099 iis
430 1060 584 1114 singula
615 1060 734 1110 uitiis,
757 1074 860 1114 quae
885 1070 975 1100 ante
1006 1060 1117 1100 dixi:
1149 1059 1296 1100 deinde
1325 1059 1396 1098 ha—

173 1131 266 1171 bent
287 1132 512 1185 perniciosa
535 1132 610 1172 alia
632 1132 727 1172 uitia
747 1147 757 1171 ε
789 1132 940 1172 nullum
975 1141 1035 1171 est
1071 1131 1177 1170 enim
1204 1144 1329 1185 genus
1351 1129 1396 1169 il-

170 1202 298 1242 larum
334 1217 469 1243 rerum
506 1204 773 1257 publicarum,
798 1204 904 1258 quod
942 1218 1020 1243 non
1058 1203 1205 1243 habeat
1238 1203 1311 1242 iter
1346 1200 1398 1241 ad

173 1273 380 1314 finitimum
419 1275 623 1329 quoddam
665 1275 815 1314 malum
858 1288 1056 1329 praeceps
1093 1288 1140 1314 ac
1182 1274 1395 1313 lubricum.

173 1344 281 1386 Nam
315 1345 368 1386 illi
397 1347 495 1400 regi,
519 1355 560 1387 ut
594 1360 687 1386 eum
721 1347 972 1401 potissimum
1006 1346 1225 1396 nominem,
1248 1346 1397 1386 tolera—

174 1417 253 1466 bili,
279 1427 345 1456 aut
378 1418 408 1457 si
438 1418 569 1468 uoltis,
593 1419 713 1458 etiam
748 1418 907 1458 amabili
935 1417 1060 1472 Cyro,
1085 1418 1220 1458 subest
1254 1418 1303 1457 ad
1339 1418 1397 1457 in·

173 1489 351 1529 mutandi
386 1490 518 1529 animi'
532 1490 734 1530 licentiam
768 1489 1068 1530 crudelissimus
1100 1489 1164 1529 ille
1199 1488 1396 1538 Phalaris,

173 1562 286 1602 cuius
308 1562 346 1602 in
369 1562 668 1602 similitudinem
691 1561 917 1601 dominatus
939 1561 1054 1601 unius
1088 1560 1255 1614 procliui
1278 1573 1397 1599 cursu

174 1643 212 1673 et
250 1632 366 1674 facile
410 1633 620 1674 delabitur.
683 1633 742 1674 Illi
781 1642 914 1673 autem
951 1632 1263 1672 Massiliensium
1300 1645 1399 1685 pau-

174 1720 313 1746 corum
355 1714 395 1745 et
435 1705 660 1760 principum
703 1704 1030 1744 administrationi
1072 1704 1242 1743 ciuitatis
1282 1696 1401 1742 finffi-

178 1792 262 1817 mus
286 1787 346 1818 est
383 1777 448 1831 qui
484 1775 556 1817 suit
583 1777 761 1831 quodam
794 1785 976 1830 tempore
1013 1784 1108 1829 aput
1129 1774 1400 1815 Athenienses

174 1850 331 1903 triginta
353 1861 573 1890 consensus
607 1857 647 1889 et
681 1848 814 1889 factio.
878 1847 964 1887 Iam
985 1846 1291 1887 Atheniensium
1328 1859 1400 1900 po—

179 1920 257 1975 puli
291 1930 532 1975 potestatem
555 1921 733 1961 omnium
767 1934 902 1960 rerum
936 1919 1024 1974 ipsi,
1053 1932 1103 1959 ne
1138 1918 1234 1958 alios
1268 1916 1400 1971 requi-

179 2007 324 2043 ramus,
369 1993 417 2032 ad
461 1991 637 2032 surorcm
680 1992 939 2032 multitudinis
981 1990 1262 2043 licentiamque
1305 2003 1403 2028 con-

178 2079 336 2106 uersam
357 2065 458 2118 pesti
485 2094 637 2104 .....
1286 2092 1307 2127 λ

543 2181 776 2212 Desiderantur
791 2182 930 2220 paginae
948 2182 1039 2210 duae.

240 2284 403 2326 XXIX.
430 2316 439 2325 .
466 2315 475 2325 .
503 2316 510 2324 .
535 2284 776 2334 teterrimus,
800 2293 839 2324 et
862 2297 913 2323 ex
947 2284 1024 2324 hac
1046 2282 1112 2324 uel
1138 2281 1401 2337 optimatium,

183 2357 245 2397 *iel
275 2356 436 2398 factiosa
476 2357 681 2411 tyrannica
715 2356 794 2402 illa,
818 2355 882 2396 uel
918 2355 1043 2407 regia,
1070 2354 1134 2395 uel
1170 2353 1289 2393 etiam
1311 2366 1400 2405 per-
