1611 2708
271 255 332 305 94
680 269 742 300 DE
780 270 842 300 RE
880 270 1087 302 PVBLICA

330 377 447 421 XIV.
470 412 477 420 .
500 412 509 420 .
532 412 540 420 .
569 380 670 420 Sunt
704 381 810 420 enim
833 394 985 430 omnes,
1022 381 1087 434 qui
1109 381 1146 420 in
1178 381 1370 436 populum
1393 385 1497 424 uitae

270 454 463 506 necisque
501 461 737 506 potestatem
775 452 935 501 habent,
971 452 1154 506 tyranni3
1197 453 1270 492 sed
1312 467 1354 493 se
1392 453 1498 494 Iouis

270 524 406 578 optimi
445 523 605 563 nomine
644 524 795 563 malunt
837 539 953 577 reges
996 524 1146 564 uocari.
1211 523 1323 571 Qum
1366 534 1499 565 autem

270 594 368 634 certi
391 604 554 648 propter
590 595 746 634 diuitias
782 604 847 634 aut
871 609 996 648 genus
1020 605 1086 634 aut
1120 595 1272 649 aliquas
1294 610 1392 650 opes
1414 610 1500 636 rem

270 664 474 719 publicam
510 675 685 715 teneant,
722 676 781 705 est
804 665 951 716 facti03
990 666 1061 705 sed
1097 676 1292 706 uocantur
1324 667 1376 707 illi
1399 668 1500 721 opti-

270 746 413 776 mates.
480 737 523 775 Si
546 751 645 776 uero
667 737 838 790 populus
873 737 1087 790 plurimum
1110 747 1255 790 potest,
1287 739 1501 792 omniaque

271 808 355 847 eius
390 807 550 847 arbitrio
585 818 790 861 reguntur,
825 808 967 847 divitur
1002 808 1067 848 illa
1098 809 1274 859 libertas,
1310 818 1371 849 est
1404 822 1501 849 uero

268 879 443 919 licentia.
511 879 594 919 Sed
619 894 713 932 qum
742 879 841 919 alius
865 879 985 919 alium
1008 879 1134 930 timet,
1169 890 1208 919 et
1229 881 1350 920 homo
1374 881 1502 920 homi-

270 965 376 1000 nem,
414 962 454 991 et
474 951 574 991 ordo
599 951 781 991 ordinem
802 967 813 1002 3
848 961 931 991 tum
956 952 1047 1005 quia
1075 952 1146 991 sibi
1170 967 1290 992 nemo
1323 953 1500 1003 confidit,

271 1025 381 1079 quasi
405 1025 537 1078 pactio
554 1025 595 1064 fit
618 1025 718 1064 inter
737 1025 930 1078 populum
954 1034 993 1064 et
1015 1025 1215 1079 potentis:
1239 1040 1290 1065 cx
1315 1040 1393 1080 quo
1417 1027 1502 1066 cxi-

270 1097 333 1136 stit
355 1096 395 1136 id
420 1096 527 1150 quod
563 1096 701 1150 Scipio
724 1096 912 1136 laudabat
947 1097 1205 1136 coniunctum
1240 1098 1410 1137 ciuitatis
1433 1112 1502 1152 ge-

269 1183 356 1207 nus.
422 1167 585 1207 Etenim
621 1168 791 1207 iustitiae
814 1182 892 1207 non
927 1177 1067 1207 natura
1089 1182 1165 1208 nee
1199 1169 1396 1219 uoluntas,
1431 1170 1502 1210 sed

269 1239 520 1279 imbecillitas
543 1249 671 1278 mater
694 1248 767 1279 est.
823 1238 928 1278 Nam
956 1254 1050 1293 qum
1074 1240 1124 1280 de
1147 1240 1271 1280 tribus
1294 1256 1416 1281 unum
1440 1256 1502 1282 es-

269 1321 328 1351 set
345 1314 580 1366 optandum,
605 1322 671 1352 aut
689 1312 1022 1354 sace1·ei11i1n·ian1
1046 1329 1120 1354 neo
1141 1315 1327 1369 accipere
1345 1330 1356 1365 3
1380 1325 1446 1355 aut
1464 1325 1503 1356 et

271 1383 404 1423 facere
429 1394 467 1424 et
491 1385 677 1438 accipere
698 1399 708 1435 3
732 1394 799 1424 aut
821 1394 1006 1424 neutrum
1029 1400 1037 1424 :
1064 1386 1258 1439 optimum
1283 1396 1342 1426 est
1365 1385 1501 1426 facere

270 1456 432 1508 impune
456 1456 485 1495 si
510 1456 665 1509 possi53
694 1456 919 1495 secundum
941 1471 1016 1495 nec
1041 1456 1176 1496 facere
1200 1471 1274 1497 nec
1298 1458 1405 1511 pati3
1428 1457 1502 1496 mi-

269 1527 479 1567 serrimum
516 1527 724 1580 digladiari
759 1540 918 1580 semper
953 1536 1035 1566 tum
1060 1527 1254 1567 faciendis
1288 1537 1371 1567 tum
1396 1529 1502 1569 acci-

267 1598 424 1652 piendis
446 1598 610 1638 iniuriis.
663 1598 723 1637 Ita
747 1598 812 1651 qui
835 1598 1007 1652 primum
1032 1599 1126 1638 illud
1151 1600 1319 1653 adsequi
1345 1631 1497 1640 .....

474 1715 685 1744 Desidemmr
709 1715 892 1744 indefinitus
915 1715 1108 1753 paginarum
1132 1725 1292 1745 numerus.

329 1816 354 1840 ἅ
371 1816 396 1840 ÷÷
412 1815 507 1856 XV.
550 1815 777 1856 Carneadis
798 1825 948 1857 summa
970 1816 1258 1871 disputationis
1279 1817 1473 1872 liaecfuit
1487 1833 1499 1857 .·

270 1889 362 1929 lura
385 1889 456 1928 sibi
479 1889 662 1928 homines
699 1903 772 1942 pro
795 1889 960 1928 utilitate
984 1889 1179 1938 sanxisse,
1215 1890 1368 1929 scilieet
1390 1891 1500 1930 uaria

269 1975 341 2015 pro
364 1960 567 2011 moribus3
602 1969 641 2000 et
664 1960 768 2014 apud
803 1961 970 2000 eosdem
1004 1975 1076 2015 pro
1098 1961 1344 2013 temporibus
1377 1976 1498 2016 saepe

270 2042 421 2072 mutata
441 2047 452 2082 3
487 2032 546 2072 ius
569 2041 703 2072 autem
726 2033 904 2072 naturale
941 2047 1029 2073 esse
1052 2033 1218 2072 nullum.
1283 2033 1438 2074 Omnes
1461 2035 1507 2073 οῖ’·

269 2103 453 2144 homines
487 2113 527 2143 et
549 2103 645 2143 alias
681 2104 901 2144 animantes
935 2105 984 2144 ad
1023 2105 1209 2144 utilitates
1233 2120 1324 2145 suas
1358 2116 1499 2146 natura

272 2175 589 2227 ducenteserri3
620 2175 786 2229 proinde
810 2186 876 2216 aut
898 2177 1045 2216 nullam
1070 2191 1159 2217 csse
1182 2178 1368 2217 iustitiam
1388 2194 1399 2229 3
1432 2187 1498 2218 aut

271 2248 302 2287 si
335 2247 383 2287 sit
417 2247 562 2301 aliqua,
600 2261 797 2287 summam
832 2262 919 2288 esso
953 2249 1168 2299 stultitiam,
1206 2250 1391 2303 quoniam
1425 2250 1496 2289 sibi

271 2328 437 2360 noceret
479 2319 616 2360 alienis
652 2320 876 2361 commodis
919 2321 1145 2362 consulens.
1209 2321 1268 2362 Et
1302 2320 1497 2376 inferebat
