1611 2708
275 290 337 336 70
639 333 649 343 ,
681 302 744 333 DE
781 302 843 333 RE
880 302 1088 335 PvssmeA

273 426 392 453 mone
427 422 574 462 nostro,
613 413 853 468 saepiusque
888 427 1014 466 genus
1036 412 1122 453 eius
1154 412 1324 453 hominis
1359 414 1433 453 erit
1453 415 1490 454 in

273 485 425 540 reliqua
447 485 560 525 nobis
582 485 759 525 oratione
782 484 1035 525 tractandum
1060 514 1213 524 .....

596 603 827 634 Desiderantur
842 602 981 641 paginae
997 601 1175 630 duodecim.

334 703 464 746 XXX
469 736 622 746 .....
646 704 771 744 Plato
808 703 1010 759 regionem
1043 702 1229 757 sedesque
1266 702 1413 742 ciuium
1435 715 1501 741 cte-

275 776 365 832 quis
402 777 580 832 apprime
607 775 797 831 partibus
820 775 974 815 diuisas
1011 774 1245 828 requisiuit3
1280 773 1503 813 ciuitatem-

277 862 353 903 que
392 849 608 903 optandam
644 847 770 901 magis
805 861 925 900 quam
961 845 1201 900 sperandam
1238 858 1357 898 quam
1389 843 1504 883 mini-

275 935 383 961 mam
407 921 566 973 posuit3
605 934 683 959 non
708 932 810 972 quae
832 919 957 972 possit
979 932 1082 966 esse,
1121 917 1191 957 scd
1214 917 1251 955 in
1292 930 1369 969 qua
1406 915 1504 955 ratio

275 1006 410 1032 rerum
440 991 615 1031 ciuilium
648 990 820 1044 perspici
854 999 1002 1044 posset,
1030 988 1189 1028 effecit.
1255 987 1346 1041 Ego
1370 996 1504 1027 autem

276 1063 307 1103 si
332 1077 409 1116 quo
432 1062 553 1102 modo
576 1061 766 1115 consequi
786 1070 967 1115 potuero,
991 1060 1208 1099 rationibus
1232 1059 1386 1098 eisdem
1406 1072 1505 1113 quas

277 1135 341 1174 ille
377 1134 490 1183 uidit,
528 1148 605 1173 non
630 1134 666 1172 in
703 1133 842 1173 umbra
875 1142 914 1171 et
948 1132 1119 1184 imagine
1156 1130 1340 1179 ciuitatis,
1374 1129 1444 1169 sed
1468 1129 1507 1169 in

278 1205 524 1259 amplissima
545 1220 588 1244 re
611 1204 772 1258 publica
795 1204 934 1253 enitar,
968 1213 1009 1242 ut
1032 1203 1225 1256 cuiusque
1259 1210 1296 1241 et
1319 1201 1410 1241 boni
1435 1215 1508 1255 pu-

277 1276 369 1316 blici
408 1285 448 1316 et
478 1276 571 1315 mali
604 1289 768 1315 causam
801 1283 1009 1328 tamquam
1041 1273 1197 1327 uirgula
1230 1273 1370 1313 uidear
1394 1272 1509 1312 attin-

278 1361 388 1401 gere.
453 1345 544 1386 Hiis
567 1347 673 1387 enim
696 1346 815 1400 regiis
843 1341 1104 1400 quadraginta
1127 1345 1238 1384 annis
1261 1353 1300 1384 et
1323 1344 1506 1384 ducentis

278 1418 397 1472 paulo
421 1432 513 1458 cum
536 1418 771 1471 interregnis
795 1416 879 1456 sere
903 1417 1071 1469 amplius
1103 1416 1339 1469 praeteritis,
1364 1415 1506 1469 expul-

279 1503 405 1542 soque
439 1488 675 1542 Tarquinio,
711 1496 863 1528 tantum
898 1487 1034 1526 odium
1072 1487 1263 1539 populun}
1300 1500 1509 1525 romanum

278 1560 423 1613 regalis
446 1540 616 1599 nominis
637 1559 776 1607 tenuit,
801 1568 991 1612 quantum
1027 1567 1208 1597 tenuerat
1233 1567 1318 1611 post
1342 1558 1508 1607 obitum,

280 1631 499 1685 ueLpotius
522 1644 738 1670 excessum
762 1629 942 1679 Romuli,
967 1629 1227 1669 desiderium.
1292 1628 1431 1683 Itaque
1470 1638 1510 1669 ut

280 1713 364 1744 tum
400 1716 540 1742 carere
578 1716 688 1755 rege,
725 1701 780 1741 sic
814 1701 928 1754 pulso
969 1685 1194 1753 Tarquinio
1226 1697 1373 1740 nomen
1406 1700 1511 1754 regis

282 1775 421 1816 audire
444 1788 522 1814 non
544 1781 713 1827 poterat.
779 1771 859 1812 Hic
883 1771 1115 1811 facultatem
1138 1785 1231 1811 cum
1257 1802 1265 1811 .
1293 1803 1302 1811 .
1329 1802 1338 1811 .
1366 1802 1374 1811 .
1402 1765 1411 1811 ζ

303 1891 515 1922 Desideratur
538 1890 706 1929 quaternio
730 1890 902 1929 uigesimus
926 1890 1047 1928 primus
1071 1899 1126 1919 seu
1148 1889 1288 1928 paginae
1311 1888 1483 1918 sexdecim.

343 1991 552 2032 ÷⁶÷⁶XXXI
558 2023 712 2032 .....
736 1991 876 2045 Itaque
919 1992 984 2031 illa
1024 1992 1232 2046 praeclara
1284 1991 1510 2031 constitutio

284 2064 451 2121 Romuli
473 2078 566 2104 cum
591 2064 786 2103 ducentos
804 2077 927 2103 annos
951 2073 990 2103 et
1013 2062 1274 2117 quadraginta
1297 2061 1381 2102 sere
1397 2063 1511 2103 firma

285 2136 510 2177 mansisset.
572 2133 740 2175 Nonius
762 2148 849 2188 cap.
874 2134 921 2174 de
944 2134 1046 2174 (loct.
1071 2133 1276 2189 indaga÷÷÷÷

288 2241 297 2248 .
325 2240 333 2248 .
361 2239 369 2248 .
397 2239 406 2248 .
429 2207 497 2248 lex
520 2207 584 2247 illa
606 2216 686 2247 tota
710 2207 863 2247 sublata
886 2216 933 2246 st.
998 2205 1091 2246 Hac
1114 2215 1249 2246 mente
1282 2214 1365 2245 tum
1388 2205 1509 2245 nostri

285 2280 458 2320 maiores
481 2288 520 2319 et
542 2278 800 2320 Conlatinum
824 2279 1078 2319 innocentem
1111 2279 1337 2332 suspicione
1361 2291 1510 2331 cogna-

286 2351 402 2393 tionis
439 2351 693 2408 expulerunt‚
726 2359 765 2392 et
806 2351 980 2407 reliquos
1013 2350 1257 2405 Tarquinios
1290 2349 1510 2391 offensione
