1611 2708
655 218 801 249 Lissmz
840 219 882 247 v.
1008 237 1013 241 .
1296 204 1376 248 1‘21

159 331 389 380 adhibebat,
425 340 465 370 et
500 339 681 369 ueterem
719 341 874 368 morem
910 341 956 367 ac
978 327 1173 367 maiorum
1212 325 1386 372 instituta

160 403 384 442 retinebant
417 401 664 441 excellentes
701 399 789 439 uiri.
853 398 1003 438 Nostra
1025 413 1123 438 uero
1160 406 1270 438 aetas
1292 412 1384 436 cum

160 489 244 513 rem
269 473 469 527 publicam
493 472 595 511 sicut
615 471 811 525 picturam
831 470 1056 524 accepisset
1073 469 1290 523 egregiam,
1314 469 1384 508 sed

158 547 236 584 iam
260 552 573 583 euanescentem
592 551 789 582 uetustate
812 556 891 581 non
928 541 1050 580 modo
1073 555 1162 580 eam
1186 540 1386 580 coloribus

158 615 301 655 iisdem
325 614 466 668 quibus
489 612 631 662 fuerat,
650 626 846 652 renouare
869 612 1048 665 neglexit
1070 612 1142 652 sed
1165 626 1214 651 ne
1238 611 1277 651 id
1301 611 1387 665 qui-

159 685 252 725 dem
275 685 443 735 curauit,
470 694 512 724 ut
534 683 702 724 sormam
735 684 875 724 saltem
899 683 985 723 eius
1008 692 1048 722 et
1079 692 1262 723 extrema
1284 692 1387 722 tam-

161 770 279 810 quam
321 756 562 795 lineamenta
604 764 795 795 seruaret.
859 753 971 802 Quid
1014 754 1120 793 enim
1158 763 1294 794 manet
1335 767 1387 793 ex

160 827 329 880 antiquis
366 827 556 876 moribus,
595 827 737 879 quibus
775 825 838 865 ille
863 825 964 865 dixit
994 839 1080 864 rem
1113 834 1217 864 stare
1256 838 1388 864 roma-

159 897 286 937 nam?
320 911 419 951 quos
456 897 509 937 ita
542 897 742 937 obliuione
774 897 976 937 obsoletos
1013 896 1212 946 uidemus,
1247 906 1387 942 utnon

159 969 280 1009 modo
313 983 392 1008 non
429 969 610 1008 colantur
634 969 705 1008 sed
739 969 858 1008 etiam
895 968 1140 1021 ignorentur.
1204 967 1313 1008 Nam
1337 968 1388 1007 de

161 1041 254 1080 uiris
277 1041 371 1094 quid
395 1040 527 1081 dicam
546 1040 562 1080 ?
625 1039 764 1080 Mores
796 1040 902 1080 enim
924 1040 998 1094 ipsi
1030 1039 1263 1079 interierunt
1283 1039 1390 1079 uiro-

160 1126 248 1152 rum
285 1112 466 1165 penuria,
504 1112 617 1152 cuius
647 1112 743 1152 tanti
780 1112 873 1151 mali
910 1126 988 1151 non
1021 1112 1143 1151 modo
1179 1111 1390 1151 reddenda

161 1183 260 1222 ratio
297 1183 425 1232 nobis,
449 1182 521 1222 sed
555 1183 675 1222 etiam
698 1192 903 1237 tamquam
940 1182 1018 1222 reis
1040 1183 1180 1237 capitis
1215 1182 1389 1236 quodam

161 1254 283 1294 modo
321 1254 493 1294 dicenda
526 1268 648 1294 causa
682 1263 756 1294 est.
819 1253 978 1295 Nostris
1015 1253 1122 1293 enim
1154 1253 1273 1303 uitiis,
1310 1267 1390 1293 non

162 1340 258 1366 casu
291 1326 437 1380 aliquo,
475 1340 560 1365 rem
583 1326 785 1380 publicam
820 1326 945 1365 uerbo
982 1325 1215 1375 retinemus,
1238 1339 1281 1364 re
1304 1325 1391 1379 ipsa

162 1411 260 1437 uero
283 1397 360 1437 iam
382 1397 540 1451 pridem
563 1397 782 1437 amisimus.
827 1420 856 1426 —
871 1395 989 1436 Haec
1013 1394 1163 1436 Cicero
1193 1395 1391 1435 fatebatur

160 1468 278 1522 longe
314 1468 477 1522 quidem
518 1477 608 1522 post
640 1478 811 1509 mortem
845 1467 1040 1518 Africani,
1075 1481 1196 1522 quem
1238 1467 1277 1507 in
1310 1467 1391 1507 suis

160 1539 269 1579 libris
286 1538 383 1579 fecit
404 1539 454 1579 de
473 1553 515 1579 re
531 1539 693 1594 publica
710 1540 928 1594 disputare.
970 1539 1230 1595 Augustinus
1255 1537 1304 1580 C.
1328 1538 1388 1580 D.

160 1609 221 1651 II.
244 1613 316 1650 21.
348 1609 499 1664 Confer
521 1610 638 1650 etiam
658 1609 719 1651 II.
742 1614 814 1651 25.
838 1614 880 1651 2.
897 1611 922 1634 ἦ
939 1611 964 1634 ⁴⁶

220 1681 274 1721 II.
301 1713 310 1722 .
337 1712 347 1722 .
373 1712 383 1721 .
405 1680 533 1721 Nihil
553 1696 631 1721 esse
654 1688 733 1722 tam
754 1682 889 1735 regale
923 1696 1043 1736 quam
1064 1681 1388 1736 explanationem

163 1752 401 1806 aequitatis:
433 1752 471 1792 in
507 1766 586 1806 qua
621 1753 715 1792 iuris
747 1762 832 1793 erat
866 1752 1169 1807 interpretatio:
1202 1755 1308 1809 quod
1330 1755 1391 1795 ius

161 1824 305 1879 priuati
327 1833 466 1877 petere
504 1824 685 1864 solebant
722 1838 744 1864 a
765 1824 954 1878 regibus:
985 1824 1038 1865 ob
1061 1840 1211 1880 easque
1248 1841 1392 1867 causas

163 1896 260 1950 agri,
284 1897 367 1935 arui
386 1906 426 1936 et
448 1897 595 1937 arbusti
613 1906 653 1936 et
674 1897 813 1951 pascui
831 1896 898 1936 lati
916 1906 1035 1951 atque
1052 1897 1199 1938 uberes
1223 1898 1391 1938 definie-

162 1968 318 2017 bantur,
342 1968 407 2021 qui
431 1977 563 2008 essent
584 1966 683 2021 regi,
717 1968 783 2021 qui
805 1968 1114 2022 colerenturque
1141 1969 1225 2009 sine
1248 1984 1390 2023 regum

162 2053 287 2092 opera
309 2047 349 2078 et
369 2039 520 2089 labore,
544 2048 587 2079 ut
603 2053 673 2079 eos
695 2039 803 2080 nulla
824 2039 967 2093 priuati
990 2041 1137 2094 negotii
1155 2055 1252 2081 cura
1275 2056 1297 2081 a
1317 2056 1390 2095 po-

162 2109 348 2164 pulorum
370 2110 490 2151 rebus
508 2110 742 2151 abduceret.
795 2110 838 2151 N
841 2125 888 2152 ec
911 2126 1009 2152 uero
1028 2112 1236 2167 quisquam
1255 2113 1389 2167 priua-

163 2190 226 2221 tus
248 2190 332 2220 erat
352 2181 608 2236 disceptator,
642 2192 710 2222 aut
731 2183 877 2223 arbiter
898 2183 974 2224 litis
993 2199 1004 2234 3
1043 2184 1115 2224 sed
1138 2185 1271 2225 omnia
1293 2199 1390 2225 con-

163 2252 399 2294 ficiebantur
436 2253 592 2293 iudiciis
628 2254 760 2308 regiis.
822 2253 880 2296 Et
910 2254 1006 2295 mihi
1045 2255 1208 2309 quidem
1230 2256 1390 2296 uidetur

578 2329 625 2365 ll
