1611 2708
640 207 785 239 LIBER
825 207 874 237 11.
1307 191 1368 239 79

141 320 287 360 fidibus
310 327 377 358 aut
397 317 514 368 tibiis,
538 327 657 372 atque
680 327 723 357 ut
758 319 797 358 in
830 326 948 358 cantu
982 316 1069 370 ipso
1103 327 1151 355 ac
1186 314 1367 365 uocibus,

143 400 363 431 concentus
400 399 459 430 est
497 389 660 443 quidam
697 390 897 429 tenendus
935 402 988 429 ex
1023 387 1215 428 distinctis
1250 387 1369 437 sonis,

143 476 264 516 quem
305 463 543 502 inmutatum
587 470 653 500 aut
691 461 988 515 discrepantem
1031 475 1147 501 aures
1189 460 1369 500 eruditae

144 533 248 574 serre
271 547 348 573 non
369 541 536 587 possunt
554 547 566 583 3
598 532 712 586 isque
746 542 968 573 concentus
1002 547 1054 572 ex
1090 532 1371 573 dissimillima-

143 619 231 645 rum
265 618 414 645 uocum
450 604 728 644 moderatione
766 618 936 644 concors
972 613 1106 643 tamen
1141 604 1310 644 efficitur
1333 611 1373 642 et

143 690 370 730 congruens
389 691 400 727 3
434 676 490 716 sic
515 690 568 716 ex
590 676 755 716 summis
778 685 818 716 et
839 676 982 716 infimis
1005 685 1045 715 et
1070 676 1287 716 interiectis
1308 689 1372 715 or·-

145 749 316 797 dinibus,
361 757 402 788 ut
454 748 573 797 sonis,
616 747 826 787 moderata
867 736 1025 787 ration&
1064 748 1206 787 ciuitas
1248 746 1373 786 con''-

146 820 172 843 ἦ
191 820 216 843 ⁹⁶
234 834 352 859 sensu
375 819 729 859 dissimillimorum
751 819 951 863 concinit:
984 828 1023 859 et
1046 833 1147 873 quae
1166 818 1374 858 harmonia

143 905 167 931 a
187 891 350 931 musicis
368 891 511 931 dicitur
533 891 572 930 in
590 902 729 940 cantu,
747 905 795 931 ea
818 901 878 932 est
898 892 937 931 in
960 892 1121 932 ciuitate
1140 891 1372 940 concordia,

144 963 386 1003 artissimum
409 972 528 1017 atque
551 963 747 1017 optimum
769 964 808 1003 in
830 964 938 1003 omni
972 978 1016 1004 re
1050 963 1212 1017 publica
1233 963 1374 1003 uincu-

144 1035 227 1074 lum
249 1035 557 1087 incolumitatis3
584 1049 714 1089 eaque
738 1035 822 1076 sine
845 1036 991 1076 iustitia
1011 1036 1120 1076 nullo
1141 1022 1261 1090 pacto
1284 1048 1373 1075 esse

145 1117 291 1162 potest.

205 1179 364 1220 XLIII.
418 1180 481 1221 Ac
505 1179 652 1220 deinde
671 1194 765 1220 cum
788 1180 990 1234 aliquanto
1011 1180 1128 1220 latius
1150 1190 1190 1220 et
1211 1179 1373 1220 uberius

147 1253 401 1293 disseruisset
424 1251 602 1307 (Scipio)
623 1262 814 1306 quantum
836 1253 1049 1306 prodesset
1068 1252 1214 1293 iustitia
1236 1252 1376 1292 ciuita-

145 1326 188 1375 ti,
220 1335 494 1380 quantumque
529 1325 690 1366 obesset
724 1326 755 1365 si
790 1324 985 1377 afuisset3
1018 1325 1196 1380 suscepit
1227 1324 1375 1365 deinde

144 1396 259 1438 Pilus
295 1412 398 1438 unus
435 1412 576 1438 eorum
614 1398 680 1451 qui
719 1398 975 1452 disputationi
1013 1398 1194 1448 aderant,
1228 1407 1268 1437 et
1303 1411 1375 1451 po-

144 1470 276 1524 poscit
306 1479 350 1510 ut
380 1470 484 1510 haec
521 1470 607 1523 ipsa
645 1470 825 1524 quaestio
863 1470 1088 1524 diligentius
1124 1478 1376 1518 tractaretur,

146 1556 194 1582 ac
233 1542 284 1582 de
326 1542 472 1583 iustitia
508 1542 623 1596 plura
661 1543 904 1593 dicerentur,
935 1552 1097 1597 propter
1133 1542 1229 1582 illud
1269 1541 1377 1596 quod

146 1613 226 1653 iam
248 1613 370 1667 uulgo
392 1612 610 1663 serebatur,
633 1628 719 1654 rem
756 1615 959 1668 publicam
996 1615 1080 1668 geri
1118 1615 1202 1672 sine
1236 1613 1379 1654 iniuria

146 1700 225 1726 non
247 1699 382 1741 posse.

203 1756 361 1797 XLIV.
390 1789 398 1797 .
427 1789 436 1797 .
463 1789 472 1798 .
496 1758 659 1812 plenam
694 1772 783 1799 esse
821 1759 1007 1799 iustitiae.
1070 1758 1182 1799 Turn
1221 1758 1375 1813 Scipio,

96 1837 111 1851 *¹
148 1829 350 1870 adsentior
371 1843 497 1882 uer03
529 1831 792 1885 renuntioque
814 1831 928 1871 uobis
944 1831 1044 1880 ‚nihil
1066 1845 1156 1872 esse
1175 1831 1282 1886 quod
1306 1831 1378 1870 ad-

147 1901 227 1941 huc
252 1901 302 1941 de
325 1915 368 1941 re
391 1902 553 1956 publica
575 1903 727 1942 dictum
758 1912 965 1957 putemus,
979 1911 1056 1944 'aut
1078 1917 1157 1957 quo
1178 1903 1378 1958 possimus

149 1972 304 2026 longius
327 1974 530 2027 progredi,
553 1974 627 2014 nisi
650 1975 724 2014 erit
745 1975 1026 2016 confirmatum
1048 1990 1126 2016 non
1160 1976 1282 2016 modo
1305 1974 1378 2015 fal-

150 2058 239 2084 sum
260 2044 356 2085 illud
380 2060 484 2096 esse,
504 2046 587 2086 sine
610 2046 752 2087 iniuria
773 2061 852 2087 non
874 2061 992 2102 posse
1011 2062 1023 2098 3
1056 2056 1116 2087 set
1151 2047 1229 2087 hoc
1252 2047 1378 2086 ueris—

150 2115 295 2156 simum
318 2130 421 2168 esse,
445 2118 530 2158 sine
566 2131 722 2159 summa
755 2119 902 2159 iustitia
938 2133 1024 2159 rem
1058 2119 1261 2173 publicam
1293 2117 1378 2172 geri

149 2187 258 2229 nullo
280 2188 402 2231 modo
422 2203 556 2245 posse.
622 2190 708 2242 Set,
731 2191 763 2232 si
785 2191 932 2246 placet,
951 2191 989 2232 in
1011 2191 1118 2232 hunc
1141 2191 1249 2232 diem
1281 2190 1378 2231 hac-1
