1538 2718
583 277 732 308 LIBER
768 276 833 307 vl.
1217 258 1303 304 141

86 389 193 444 quod
216 381 445 443 gigneretur
463 388 624 428 aliunde
645 403 655 427 ε
678 387 785 443 quod
808 387 839 427 si
861 398 1080 440 numquam
1102 383 1238 433 oritur,
1261 397 1312 423 ne

84 461 234 502 occidit
276 461 441 515 quidem
483 474 690 515 umquam.
754 459 862 500 Nam
891 458 1132 513 principium
1156 456 1313 497 extinc-

82 542 182 583 tum,
216 547 292 574 nec
316 533 446 587 ipsum
469 532 517 572 ab
541 532 618 571 alio
652 540 899 580 renascetur,
937 544 1014 570 nec
1050 543 1101 569 ex
1124 543 1168 569 se
1204 526 1312 568 aliud

48 599 53 604 ’
84 605 236 646 creabit
256 620 265 644 :
298 605 496 659 siquidem
519 618 688 644 necesse
712 612 772 643 est
790 617 812 642 a
829 601 1024 656 principio
1046 600 1139 640 oriri
1161 598 1310 639 omnia.

84 676 144 717 Ita
160 676 216 726 fit,
240 685 282 716 ut
299 685 430 716 motus
452 676 692 730 principium
716 690 768 715 ex
792 689 840 714 eo
864 674 925 724 sit,
942 672 1049 727 quod
1072 672 1202 726 ipsum
1226 685 1249 711 a
1270 684 1314 711 se

83 757 295 799 mouetur3
327 748 374 788 Id
398 757 533 788 autem
567 761 643 787 nec
676 746 786 786 nasci
808 754 953 801 potest,
976 758 1053 783 11θο
1088 743 1216 782 mori:
1248 741 1314 782 uel

45 823 48 825 ’
84 820 272 860 concidat
293 806 412 859 omne
435 820 609 868 caelum,
633 818 843 871 omnisque
870 825 1009 856 natura
1032 814 1223 855 consistat
1243 828 1315 853 ne-

83 906 199 931 ccsse
235 901 308 940 est,
332 905 408 931 nec
446 891 528 931 uim
562 890 684 930 ullam
721 888 990 937 nanciscatur,
1014 899 1118 941 quae
1142 900 1164 925 a
1185 885 1316 940 primo

82 961 239 1016 inpulsu
262 971 487 1002 moueatur.

142 1032 304 1073 XXVI.
339 1032 448 1073 Cum
471 1042 606 1088 pateat
627 1033 745 1088 igitur
768 1041 977 1072 aeternum
1007 1031 1046 1071 id
1078 1044 1183 1080 esse,
1207 1029 1317 1084 quod

84 1119 106 1144 a
129 1119 172 1144 se
195 1105 281 1158 ipso
304 1114 531 1154 moueatur,
568 1105 654 1158 quis
689 1113 750 1144 est
788 1104 853 1158 qui
887 1103 991 1142 hanc
1026 1111 1209 1142 naturam
1233 1101 1317 1141 ani-

89 1177 163 1217 mis
186 1191 275 1217 esse
298 1177 485 1216 tributam
508 1175 663 1230 neget?
726 1175 951 1216 Inanimum
970 1184 1030 1214 cst
1053 1173 1159 1213 enim
1181 1186 1316 1222 omne,

85 1249 192 1303 quod
210 1249 327 1302 pulsu
352 1249 521 1302 agitatur
544 1257 741 1288 externo:
775 1247 882 1302 quod
906 1255 1040 1286 autem
1074 1245 1220 1285 animal
1243 1252 1317 1293 est,

84 1316 124 1360 id
144 1329 253 1360 motu
276 1321 404 1360 cietur
427 1320 614 1360 interiore
646 1329 685 1360 et
723 1335 794 1360 suo
813 1334 821 1358 :
854 1334 947 1359 nam
969 1319 1071 1358 haec
1096 1328 1156 1357 est
1177 1327 1319 1357 natura

82 1392 244 1446 propria
267 1392 387 1432 animi
422 1402 541 1446 atque
572 1392 646 1432 uis.
711 1391 832 1439 Quae
856 1392 887 1431 si
911 1401 971 1431 est
1004 1405 1081 1430 una
1113 1404 1166 1429 ex
1188 1389 1317 1429 omni-

83 1463 171 1513 b'us,
197 1477 299 1517 quae
323 1477 412 1503 sese
435 1472 611 1513 moueat,
635 1478 767 1517 neque
783 1473 876 1502 nata
891 1472 951 1502 cst
965 1472 1075 1502 certe
1091 1471 1131 1502 et
1153 1470 1319 1501 aeterna

85 1544 159 1575 est.
224 1533 345 1574 Hanc
367 1544 408 1574 tu
433 1548 582 1574 exerce
610 1534 649 1573 in
683 1534 843 1588 optImis
877 1534 1025 1573 rebus:
1058 1542 1148 1573 sunt
1182 1541 1318 1572 autem

85 1606 276 1660 optimae,
300 1620 422 1646 curae
454 1605 504 1645 de
535 1605 661 1645 salute
684 1605 867 1658 patriae:
902 1605 1044 1658 quibus
1077 1604 1247 1658 agitatus
1279 1611 1319 1642 et

85 1678 331 1718 exercitatus
349 1677 518 1726 animus,
541 1673 722 1716 ucldcius
744 1676 782 1715 in
801 1676 903 1715 hanc
923 1676 1065 1715 sedem
1089 1684 1129 1714 et
1151 1675 1317 1714 domum

87 1763 201 1789 suam
243 1748 481 1802 peruolabit.
545 1747 673 1801 quue
711 1747 824 1787 ocius
866 1746 1000 1797 faciet,
1039 1747 1069 1786 si
1104 1747 1184 1786 iam
1217 1756 1316 1796 tum,

88 1834 181 1860 cum
220 1819 294 1858 erit
327 1819 503 1859 inclusus
537 1819 576 1858 in
614 1833 799 1872 corpore,
823 1818 1015 1858 eminebit
1042 1817 1161 1868 foras,
1193 1827 1232 1858 et
1254 1832 1316 1868 ea,

90 1905 191 1946 quae
230 1900 346 1931 extra
380 1900 496 1931 erunt
524 1891 815 1944 contemplans,
852 1904 971 1944 quam
1004 1890 1183 1930 maxime
1219 1904 1262 1930 se
1295 1904 1318 1930 a

59 2005 63 2009 ,
89 1977 258 2016 corpore
277 1962 494 2002 abstrahet.
560 1961 668 2001 Nam
686 1976 825 2001 eorum
842 1962 975 2012 animi,
992 1962 1056 2015 qui
1081 1976 1124 2001 se
1139 1961 1319 2015 corporis

91 2034 358 2088 uoluptatibus
381 2033 637 2083 dediderunt,
662 2047 881 2086 earumque
905 2046 948 2072 se
973 2033 1085 2086 quasi
1117 2033 1319 2072 ministros

90 2106 375 2161 praebuerunt,
393 2104 631 2158 inpulsuque
654 2104 862 2144 libidinum
893 2104 1161 2157 uoluptatibus
1178 2102 1319 2142 obedi-

92 2178 256 2227 entium,
280 2177 449 2216 deorum
471 2185 512 2216 et
532 2176 737 2216 hominum
760 2176 846 2216 iura
862 2175 1142 2225 uiolauerunt3
1175 2188 1320 2228 corpo-

90 2249 200 2290 ribus
242 2249 366 2304 elapsi
404 2248 557 2288 circum
599 2257 747 2288 terram
785 2248 912 2302 ipsam
947 2247 1201 2297 uolutantur3
1242 2260 1319 2285 nec

92 2321 198 2361 hunc
221 2321 259 2360 in
281 2321 430 2370 locum,
452 2320 526 2359 nisi
548 2320 681 2360 multis
694 2320 884 2374 exagitati
903 2318 1087 2368 saeculis,
1110 2326 1320 2358 reuertun-

93 2402 169 2434 tur.
231 2392 304 2434 Ille
328 2392 512 2434 discessit
526 2407 539 2444 3
571 2406 646 2449 ego
669 2406 809 2434 somno
832 2391 983 2433 solutus
1005 2390 1134 2432 5111113ι
1151 2389 1174 2412 *²²
