1611 2708
623 227 769 259 Lmen
811 228 883 259 111.
1308 208 1369 254 37

1336 301 1350 320 ὓ

138 350 218 380 iant
243 341 314 381 sibi
352 340 638 388 recusandum,
661 353 733 378 nos
761 352 855 392 qum
890 336 1075 376 iustitiam
1111 344 1367 389 quaeramus,

138 427 223 452 rem
246 413 371 453 multo
393 411 501 452 omni
524 425 620 450 auro
644 410 856 458 cariorem,
879 408 1028 448 nullam
1063 405 1246 461 profecto
1284 418 1371 444 mo-

138 485 292 524 lestiam
317 483 455 536 fugere
480 482 691 521 debemus.
756 481 890 533 Atque
919 480 1068 519 utinam
1106 476 1370 532 quemadmo-

139 557 235 596 dum
269 555 447 595 oratione
486 567 574 593 sum
610 566 753 592 usurus
789 551 932 600 aliena,
956 550 1013 590 sic
1036 549 1131 589 mihi
1154 562 1223 588 ore
1248 547 1302 587 uti
1325 546 1371 586 li-

138 636 249 667 ceret
272 626 430 666 alieno!
486 624 607 665 Nune
646 637 695 663 ea
730 622 904 663 dicenda
939 631 1027 661 sunt
1051 620 1102 660 L.
1129 619 1254 659 Furio
1282 617 1372 658 Pilo

140 713 243 753 quae
283 697 536 747 Carneades,
572 710 743 750 graecus
780 695 901 735 homo
940 703 979 734 et
1013 702 1229 733 consuetus
1266 689 1369 745 quod

141 770 401 810 commodum
425 777 531 809 esset
553 767 687 808 uerbis
712 797 867 807 .....

413 884 599 915 Desiderari
623 885 771 913 uidentur
794 883 934 922 paginae
958 888 1105 921 quatuor.

201 988 226 1012 ’κ
251 987 275 1011 ⁴⁶
297 987 445 1043 N'eque
469 1001 542 1043 ego
565 985 693 1027 hercle
724 1000 771 1026 ex
807 999 892 1025 mea
926 984 1052 1025 animi
1084 983 1280 1024 sententia
1317 982 1375 1023 Io—

142 1075 259 1116 quar,
282 1060 351 1100 sed
379 1070 422 1100 ut
456 1059 662 1100 Carneadi
696 1059 990 1114 respondeatis,
1015 1059 1081 1113 qui
1117 1073 1239 1112 saepe
1275 1056 1377 1111 opti-

142 1147 228 1173 mas
251 1147 394 1173 causas
417 1132 563 1186 ingenii
587 1131 789 1171 calumnia
810 1131 1006 1171 ludificari
1030 1131 1145 1171 solet.
1208 1127 1377 1170 Noniae

145 1218 229 1245 icoc.
253 1203 467 1245 columnia.
494 1203 519 1226 ἦ
544 1204 569 1227 ÷÷
917 1253 922 1257 Ι

203 1275 228 1299 ÷÷
248 1276 272 1299 ÷÷
287 1276 361 1316 Vl.
409 1275 648 1316 Carneades
664 1275 925 1316 academicae
943 1285 1078 1316 sectae
1101 1276 1376 1330 philosophus,

142 1351 256 1392 cuius
278 1351 316 1390 in
340 1350 580 1390 disserendo
603 1364 706 1403 quae
741 1350 801 1389 uis
839 1349 970 1399 suerit,
995 1364 1098 1403 quae
1135 1349 1379 1403 eloquentia,

143 1424 250 1477 quod
274 1437 461 1497 achiunen,
487 1422 552 1475 qui
575 1422 716 1471 nescit,
740 1423 870 1476 ipsum
895 1436 947 1462 ex
981 1422 1284 1476 praedicatione
1308 1421 1380 1461 Ci-

141 1482 300 1534 ceronis
336 1493 543 1547 intelleget
577 1503 644 1533 aut
679 1493 840 1543 Lucilii,
877 1493 983 1548 apud
1021 1508 1141 1547 quem
1179 1494 1381 1533 disserens

146 1566 363 1620 Neptunus
406 1566 457 1605 de
500 1579 543 1605 re
583 1565 830 1616 difficillima,
858 1565 1033 1606 ostendit
1069 1580 1147 1606 non
1184 1580 1303 1620 posse
1342 1566 1381 1605 id

143 1638 352 1691 explicari,
367 1651 444 1677 nee
468 1637 498 1676 si
522 1635 783 1677 Carneadem
806 1638 938 1692 ipsum
960 1653 1080 1678 orcus
1103 1639 1292 1678 remittat.
1341 1638 1378 1678 Is

145 1723 238 1750 cum
260 1708 414 1762 legatus
437 1708 486 1748 ab
509 1708 824 1749 Atheniensibus
859 1709 1038 1749 Romam
1073 1709 1218 1749 missus
1256 1718 1377 1759 esset,

145 1781 361 1835 disputauit
384 1780 434 1820 de
449 1780 594 1820 iustitia
613 1780 791 1834 copiose,
809 1776 996 1821 audiente
1014 1781 1145 1821 Galba
1163 1791 1203 1821 et
1221 1780 1380 1822 Catone

145 1852 344 1902 censorio,
379 1852 566 1892 maximis
599 1862 694 1892 tunc
729 1853 965 1893 oratoribus.
1034 1853 1118 1893 Sed
1156 1854 1265 1894 idem
1300 1854 1381 1894 dis-

144 1924 394 1978 putationem
417 1938 529 1964 suam
552 1924 744 1978 postridie
767 1926 966 1965 contraria
990 1926 1258 1980 disputatione
1287 1927 1381 1967 sub-

146 1995 290 2046 uertit3
323 2004 363 2035 et
393 1995 581 2036 iustitiam
606 2010 725 2050 quam
758 1996 887 2050 pridie
922 1997 1161 2038 laudauerat
1194 2000 1379 2050 sustulit3

146 2081 225 2107 non
249 2067 412 2121 quidem
441 2067 667 2122 philosophi
702 2068 911 2122 grauitate,
935 2069 1049 2110 cuius
1076 2071 1290 2125 prudentia
1311 2072 1380 2111 fir—

145 2152 225 2188 ma,
242 2147 282 2178 et
303 2139 452 2179 stabilis
475 2139 597 2194 debet
618 2153 708 2180 esse
727 2141 951 2192 sententia;
974 2143 1045 2182 sed
1071 2144 1181 2197 quasi
1205 2144 1378 2183 oratorio

146 2211 329 2251 exercitii
345 2225 507 2265 genere,
523 2212 561 2253 in
576 2223 787 2268 utramque
802 2224 958 2268 partem
975 2215 1212 2257 disserendi.
1252 2216 1378 2265 Quod

144 2284 210 2325 ille
232 2283 369 2326 facere
393 2285 560 2337 solebat,
583 2296 625 2327 ut
648 2287 744 2329 alios
768 2288 962 2342 quidlibet
985 2289 1220 2330 adserentes
1242 2300 1375 2344 posset
