1611 2708
262 209 323 254 84
674 220 738 251 m:
775 219 837 251 RE
875 219 1083 250 PvssncA

264 333 393 383 nobis,
417 340 485 373 aut
517 339 677 371 nostrae
711 328 893 369 subiecta
922 329 998 369 sint
1029 328 1214 383 potestati
1237 335 1306 369 etc.
1369 327 1488 370 Plato

260 414 426 445 naturae
449 401 595 456 gratias
618 401 710 455 egit,
735 401 843 455 quod
864 400 986 441 homo
1007 409 1123 440 natus
1145 409 1251 442 esset
1268 407 1338 441 etc.
1380 399 1487 442 Lac—

263 473 415 516 tantius
438 472 485 513 de
508 470 668 527 opzficio
690 470 775 513 Dei
795 487 884 527 cap.
907 471 991 512 III.
1016 472 1043 496 ’κ
1067 472 1093 496 'k

380 589 614 619 Desiderantur
628 588 767 628 paginae
783 598 842 620 nec
857 589 962 620 minus
978 594 1115 627 quatuor
1130 599 1189 620 nec
1204 591 1276 628 plus
1293 595 1375 621 octo.

321 690 374 731 II.
401 722 411 731 .
436 721 447 731 .
474 722 483 731 .
508 700 549 731 et
569 691 766 732 uehiculis
788 690 988 731 tarditati:
1015 691 1242 746 eademque
1261 667 1353 733 cuni
1372 706 1490 733 acce-

262 763 387 818 pisset
406 763 590 803 homines
611 762 824 803 inconditis
857 763 1025 803 uocibus
1046 763 1277 803 incohatum
1300 764 1491 818 quiddam

263 844 304 875 et
324 834 536 876 confusum
559 835 747 884 sonantis,
771 834 909 875 incidit
929 834 1002 875 has
1024 843 1064 874 et
1085 834 1263 876 distinxit
1283 835 1322 875 in
1343 835 1493 890 partis;

265 915 305 947 et
326 916 368 946 ut
390 907 502 961 signa
524 907 739 961 quaedam,
758 906 816 946 sic
837 905 964 946 uerba
984 906 1105 946 rebus
1126 906 1338 960 inpressit3
1363 907 1493 947 horni-

262 993 416 1033 nesque
441 988 559 1019 antea
583 978 820 1018 dissociatos
840 977 1129 1018 iucundissimo
1150 978 1252 1017 inter
1274 991 1317 1017 se
1341 991 1494 1018 sermo-

263 1051 323 1091 nis
357 1050 490 1091 uinclo
523 1050 778 1104 conch'gauit.
841 1050 881 1089 A
902 1049 1017 1089 simili
1052 1049 1172 1088 etiam
1209 1058 1359 1098 mente,
1381 1048 1495 1089 uocis

266 1122 332 1177 qui
355 1122 595 1162 uidebantur
616 1121 755 1162 infiniti
778 1121 877 1170 soni,
900 1120 1039 1174 paucis
1060 1120 1163 1160 notis
1197 1119 1382 1170 inuentis,
1405 1130 1496 1161 sunt

263 1207 405 1234 omnes
428 1193 568 1247 signati
586 1202 626 1232 et
648 1193 844 1247 expressi,
862 1192 1005 1246 quibus
1023 1201 1063 1232 et
1079 1191 1291 1246 conloquia
1309 1206 1402 1232 curn
1425 1192 1495 1232 ab·

263 1265 442 1305 sentibus
465 1273 504 1304 et
525 1263 674 1304 indicia
707 1263 971 1314 uoluntatum,
995 1272 1034 1303 et
1067 1273 1326 1304 monumenta
1360 1277 1494 1304 rerum

263 1336 570 1391 praeteritarum
591 1345 837 1376 tenerentur.
899 1336 1088 1377 Accessit
1121 1351 1170 1377 eo
1203 1328 1412 1387 numerus,
1430 1350 1497 1377 res

265 1422 360 1448 cum
384 1408 435 1448 ad
457 1408 581 1448 uitam
602 1408 847 1457 necessaria,
869 1417 954 1448 tum
976 1423 1055 1449 una
1077 1409 1317 1450 inmutabilis
1352 1418 1392 1449 et
1428 1423 1495 1449 ae-

266 1488 408 1519 terna:
442 1493 546 1533 quae
567 1480 697 1534 prima
719 1480 874 1534 impulit
908 1481 1027 1521 etiam
1062 1490 1104 1520 ut
1138 1481 1436 1536 suspiceremus
1458 1481 1497 1521 in

265 1550 439 1601 caelum,
462 1565 539 1591 nec
562 1550 704 1591 frustra
728 1551 906 1592 siderum
943 1562 1074 1593 motus
1096 1553 1357 1603 intueremur,
1381 1553 1495 1593 dinu-

262 1623 636 1678 merationibusque
659 1624 837 1664 noctium
859 1639 905 1665 ac
925 1624 1080 1664 dierum
1105 1655 1259 1665 .....

328 1739 515 1770 Desiderari
536 1740 686 1770 uidentur
707 1741 847 1780 paginae
864 1751 922 1772 nec
939 1742 1042 1771 minus
1060 1748 1133 1772 octo
1149 1752 1208 1772 nec
1224 1742 1295 1780 plus
1312 1743 1433 1772 decem.

324 1842 399 1884 ΙΙΙ.
425 1874 435 1883 .
463 1874 472 1883 .
499 1874 508 1883 .
534 1857 704 1898 quorum
728 1844 847 1883 animi
871 1843 986 1884 altius
1020 1858 1063 1884 se
1099 1845 1342 1894 extulerunt,
1366 1853 1405 1884 et
1428 1844 1498 1884 ali-

267 1915 361 1968 quid
386 1915 551 1969 dignum
575 1916 695 1965 dono,
719 1924 761 1955 ut
784 1926 874 1955 ante
910 1916 1007 1965 dixi,
1032 1916 1200 1956 deorum
1233 1924 1299 1955 aut
1334 1916 1498 1956 efficere

267 1995 334 2026 aut
356 1988 588 2041 excogitare
612 1996 841 2041 potuerunt.
905 1986 1046 2035 Quare
1081 1988 1155 2028 sint
1189 1987 1302 2027 nobis
1332 1987 1408 2037 isti,
1432 1987 1499 2041 qui

267 2057 318 2097 de
342 2058 494 2097 ratione
518 2058 682 2098 uiuendi
706 2059 917 2108 disserunt,
941 2059 1073 2113 magni
1095 2059 1293 2109 homines,
1317 2069 1358 2099 ut
1394 2067 1497 2108 sunt,

267 2129 344 2169 sint
361 2130 531 2181 eruditi3
565 2131 640 2170 sint
662 2131 840 2170 ueritatis
876 2140 915 2170 et
953 2131 1108 2171 uirtutis
1142 2131 1348 2185 magistri3
1381 2131 1497 2170 dum-

268 2202 390 2242 modo
412 2203 461 2242 sit
482 2202 584 2242 haec
609 2202 823 2256 quaedam,
848 2203 934 2242 siue
973 2216 991 2242 a
1030 2203 1124 2243 uiris
1147 2203 1184 2243 in
1212 2217 1346 2243 serum
1368 2202 1497 2256 publi-

269 2288 407 2315 carum
429 2275 624 2317 uarietate
642 2276 810 2316 uersatis
832 2275 1007 2324 inuenta,
1027 2276 1111 2317 siue
1130 2275 1250 2316 etiam
1272 2275 1310 2316 in
1333 2275 1498 2316 istorum
