<?xml version="1.0" encoding="UTF-8"?>
<!DOCTYPE html PUBLIC "-//W3C//DTD XHTML 1.0 Transitional//EN"
    "http://www.w3.org/TR/xhtml1/DTD/xhtml1-transitional.dtd">
<html xmlns="http://www.w3.org/1999/xhtml" xml:lang="en" lang="en">
 <head>
  <title>
</title>
<meta http-equiv="Content-Type" content="text/html;charset=utf-8" />
  <meta name='ocr-system' content='tesseract 3.04.00' />
  <meta name='ocr-capabilities' content='ocr_page ocr_carea ocr_par ocr_line ocrx_word'/>
</head>
<body>
  <div class='ocr_page' id='page_1' title='image "./derepublica00ciceuoft_0181.png"; bbox 0 0 1611 2708; ppageno 0'>
   <div class='ocr_carea' id='block_1_1' title="bbox 624 250 1354 295">
    <p class='ocr_par' dir='ltr' id='par_1_1' title="bbox 624 250 1354 295">
     <span class='ocr_line' id='line_1_1' title="bbox 624 250 1354 295; baseline 0.003 -2"><span class='ocrx_word' id='word_1_1' title='bbox 624 263 772 294; x_wconf 65' lang='lat' dir='ltr'>mmm</span> <span class='ocrx_word' id='word_1_2' title='bbox 810 263 873 293; x_wconf 76' lang='lat' dir='ltr'>vi.</span> <span class='ocrx_word' id='word_1_3' title='bbox 1269 250 1354 295; x_wconf 79' lang='lat'>131</span> 
     </span>
    </p>
   </div>
   <div class='ocr_carea' id='block_1_2' title="bbox 136 372 1373 1212">
    <p class='ocr_par' dir='ltr' id='par_1_2' title="bbox 136 372 1373 1212">
     <span class='ocr_line' id='line_1_2' title="bbox 136 372 1363 428; baseline 0 -14"><span class='ocrx_word' id='word_1_4' title='bbox 136 376 247 416; x_wconf 85' lang='lat' dir='ltr'>ranni</span> <span class='ocrx_word' id='word_1_5' title='bbox 281 374 644 414; x_wconf 76' lang='lat' dir='ltr'>renumerationem</span> <span class='ocrx_word' id='word_1_6' title='bbox 676 373 854 423; x_wconf 80' lang='lat' dir='ltr'>locatas3</span> <span class='ocrx_word' id='word_1_7' title='bbox 886 373 1091 426; x_wconf 87' lang='lat' dir='ltr'>respondit</span> <span class='ocrx_word' id='word_1_8' title='bbox 1115 372 1251 427; x_wconf 85' lang='lat' dir='ltr'>Scipio</span> <span class='ocrx_word' id='word_1_9' title='bbox 1274 383 1363 428; x_wconf 87' lang='lat' dir='ltr'>post</span> 
     </span>
     <span class='ocr_line' id='line_1_3' title="bbox 139 443 1365 498; baseline 0.001 -14"><span class='ocrx_word' id='word_1_10' title='bbox 139 445 214 484; x_wconf 88' lang='lat' dir='ltr'>alia</span> <span class='ocrx_word' id='word_1_11' title='bbox 236 445 273 484; x_wconf 88' lang='lat' dir='ltr'>in</span> <span class='ocrx_word' id='word_1_12' title='bbox 308 445 409 484; x_wconf 88' lang='lat' dir='ltr'>haec</span> <span class='ocrx_word' id='word_1_13' title='bbox 444 444 568 483; x_wconf 87' lang='lat' dir='ltr'>uerba</span> <span class='ocrx_word' id='word_1_14' title='bbox 589 458 670 482; x_wconf 90' lang='lat'>:—</span> <span class='ocrx_word' id='word_1_15' title='bbox 721 443 805 483; x_wconf 90' lang='lat' dir='ltr'>Sed</span> <span class='ocrx_word' id='word_1_16' title='bbox 842 457 1085 497; x_wconf 85' lang='lat' dir='ltr'>quamquam</span> <span class='ocrx_word' id='word_1_17' title='bbox 1122 444 1365 498; x_wconf 84' lang='lat' dir='ltr'>sapientibus</span> 
     </span>
     <span class='ocr_line' id='line_1_4' title="bbox 139 514 1365 570; baseline 0 -14"><span class='ocrx_word' id='word_1_18' title='bbox 139 516 384 557; x_wconf 84' lang='lat' dir='ltr'>conscientia</span> <span class='ocrx_word' id='word_1_19' title='bbox 425 516 511 569; x_wconf 88' lang='lat' dir='ltr'>ipsa</span> <span class='ocrx_word' id='word_1_20' title='bbox 552 514 749 555; x_wconf 87' lang='lat' dir='ltr'>factorum</span> <span class='ocrx_word' id='word_1_21' title='bbox 788 515 1040 568; x_wconf 80' lang='lat' dir='ltr'>egregiorum</span> <span class='ocrx_word' id='word_1_22' title='bbox 1076 516 1365 570; x_wconf 88' lang='lat' dir='ltr'>amplissimum</span> 
     </span>
     <span class='ocr_line' id='line_1_5' title="bbox 140 586 1366 641; baseline 0.002 -14"><span class='ocrx_word' id='word_1_23' title='bbox 140 588 292 628; x_wconf 88' lang='lat' dir='ltr'>uirtutis</span> <span class='ocrx_word' id='word_1_24' title='bbox 326 597 386 627; x_wconf 88' lang='lat' dir='ltr'>est</span> <span class='ocrx_word' id='word_1_25' title='bbox 419 587 671 641; x_wconf 80' lang='lat' dir='ltr'>praemium3</span> <span class='ocrx_word' id='word_1_26' title='bbox 705 596 840 626; x_wconf 85' lang='lat' dir='ltr'>tamen</span> <span class='ocrx_word' id='word_1_27' title='bbox 873 586 938 626; x_wconf 82' lang='lat' dir='ltr'>illa</span> <span class='ocrx_word' id='word_1_28' title='bbox 974 587 1110 627; x_wconf 84' lang='lat' dir='ltr'>diuina</span> <span class='ocrx_word' id='word_1_29' title='bbox 1142 588 1265 628; x_wconf 88' lang='lat' dir='ltr'>uirtus</span> <span class='ocrx_word' id='word_1_30' title='bbox 1287 603 1366 629; x_wconf 90' lang='lat' dir='ltr'>non</span> 
     </span>
     <span class='ocr_line' id='line_1_6' title="bbox 140 658 1369 713; baseline 0.001 -14"><span class='ocrx_word' id='word_1_31' title='bbox 140 668 288 699; x_wconf 86' lang='lat' dir='ltr'>statuas</span> <span class='ocrx_word' id='word_1_32' title='bbox 310 659 473 713; x_wconf 86' lang='lat' dir='ltr'>plumbo</span> <span class='ocrx_word' id='word_1_33' title='bbox 508 658 775 708; x_wconf 80' lang='lat' dir='ltr'>inhaerentes,</span> <span class='ocrx_word' id='word_1_34' title='bbox 799 673 875 698; x_wconf 88' lang='lat' dir='ltr'>nec</span> <span class='ocrx_word' id='word_1_35' title='bbox 907 659 1128 713; x_wconf 90' lang='lat' dir='ltr'>triumphos</span> <span class='ocrx_word' id='word_1_36' title='bbox 1152 660 1369 700; x_wconf 88' lang='lat' dir='ltr'>arescenti-</span> 
     </span>
     <span class='ocr_line' id='line_1_7' title="bbox 139 730 1368 787; baseline 0.002 -17"><span class='ocrx_word' id='word_1_37' title='bbox 139 732 214 771; x_wconf 91' lang='lat' dir='ltr'>bus</span> <span class='ocrx_word' id='word_1_38' title='bbox 235 731 395 780; x_wconf 80' lang='lat' dir='ltr'>laureis,</span> <span class='ocrx_word' id='word_1_39' title='bbox 419 731 491 771; x_wconf 85' lang='lat' dir='ltr'>sed</span> <span class='ocrx_word' id='word_1_40' title='bbox 523 731 722 771; x_wconf 81' lang='lat' dir='ltr'>stabiliora</span> <span class='ocrx_word' id='word_1_41' title='bbox 746 730 946 784; x_wconf 81' lang='lat' dir='ltr'>quaedam</span> <span class='ocrx_word' id='word_1_42' title='bbox 969 739 1009 770; x_wconf 90' lang='lat' dir='ltr'>et</span> <span class='ocrx_word' id='word_1_43' title='bbox 1040 731 1230 772; x_wconf 84' lang='lat' dir='ltr'>uiridiora</span> <span class='ocrx_word' id='word_1_44' title='bbox 1251 746 1368 787; x_wconf 88' lang='lat' dir='ltr'>prae-</span> 
     </span>
     <span class='ocr_line' id='line_1_8' title="bbox 141 800 1367 856; baseline 0.001 -13"><span class='ocrx_word' id='word_1_45' title='bbox 141 804 311 843; x_wconf 90' lang='lat' dir='ltr'>miorum</span> <span class='ocrx_word' id='word_1_46' title='bbox 344 817 493 856; x_wconf 80' lang='lat' dir='ltr'>genera</span> <span class='ocrx_word' id='word_1_47' title='bbox 527 803 744 842; x_wconf 83' lang='lat' dir='ltr'>desiderat.</span> <span class='ocrx_word' id='word_1_48' title='bbox 809 800 929 850; x_wconf 80' lang='lat' dir='ltr'>Quae</span> <span class='ocrx_word' id='word_1_49' title='bbox 962 802 1126 842; x_wconf 89' lang='lat' dir='ltr'>tandem</span> <span class='ocrx_word' id='word_1_50' title='bbox 1158 803 1232 843; x_wconf 86' lang='lat' dir='ltr'>ista</span> <span class='ocrx_word' id='word_1_51' title='bbox 1264 813 1367 854; x_wconf 88' lang='lat' dir='ltr'>sunt,</span> 
     </span>
     <span class='ocr_line' id='line_1_9' title="bbox 143 873 1370 930; baseline 0.002 -16"><span class='ocrx_word' id='word_1_52' title='bbox 143 875 267 928; x_wconf 88' lang='lat' dir='ltr'>inquit</span> <span class='ocrx_word' id='word_1_53' title='bbox 304 874 504 914; x_wconf 85' lang='lat' dir='ltr'>Laelius?</span> <span class='ocrx_word' id='word_1_54' title='bbox 566 874 676 914; x_wconf 89' lang='lat' dir='ltr'>Tum</span> <span class='ocrx_word' id='word_1_55' title='bbox 713 873 865 927; x_wconf 84' lang='lat' dir='ltr'>Scipio,</span> <span class='ocrx_word' id='word_1_56' title='bbox 900 874 1079 927; x_wconf 87' lang='lat' dir='ltr'>patimini</span> <span class='ocrx_word' id='word_1_57' title='bbox 1113 889 1194 925; x_wconf 92' lang='lat' dir='ltr'>me,</span> <span class='ocrx_word' id='word_1_58' title='bbox 1229 875 1370 930; x_wconf 89' lang='lat' dir='ltr'>inquit,</span> 
     </span>
     <span class='ocr_line' id='line_1_10' title="bbox 143 944 1370 1001; baseline 0.002 -16"><span class='ocrx_word' id='word_1_59' title='bbox 143 945 330 1001; x_wconf 88' lang='lat' dir='ltr'>quoniam</span> <span class='ocrx_word' id='word_1_60' title='bbox 360 946 519 985; x_wconf 88' lang='lat' dir='ltr'>tertium</span> <span class='ocrx_word' id='word_1_61' title='bbox 542 946 650 984; x_wconf 91' lang='lat' dir='ltr'>diem</span> <span class='ocrx_word' id='word_1_62' title='bbox 673 946 752 985; x_wconf 90' lang='lat' dir='ltr'>iam</span> <span class='ocrx_word' id='word_1_63' title='bbox 785 944 913 984; x_wconf 88' lang='lat' dir='ltr'>feriati</span> <span class='ocrx_word' id='word_1_64' title='bbox 937 956 1198 986; x_wconf 83' lang='lat' dir='ltr'>sumus—et</span> <span class='ocrx_word' id='word_1_65' title='bbox 1220 956 1370 998; x_wconf 83' lang='lat' dir='ltr'>cetera,</span> 
     </span>
     <span class='ocr_line' id='line_1_11' title="bbox 144 1016 1373 1072; baseline 0.002 -15"><span class='ocrx_word' id='word_1_66' title='bbox 144 1017 287 1072; x_wconf 88' lang='lat' dir='ltr'>quibus</span> <span class='ocrx_word' id='word_1_67' title='bbox 321 1018 372 1057; x_wconf 87' lang='lat' dir='ltr'>ad</span> <span class='ocrx_word' id='word_1_68' title='bbox 394 1017 663 1057; x_wconf 72' lang='lat' dir='ltr'>narrationem</span> <span class='ocrx_word' id='word_1_69' title='bbox 700 1016 841 1056; x_wconf 88' lang='lat' dir='ltr'>somnii</span> <span class='ocrx_word' id='word_1_70' title='bbox 864 1016 987 1066; x_wconf 91' lang='lat' dir='ltr'>uenit,</span> <span class='ocrx_word' id='word_1_71' title='bbox 1023 1016 1174 1058; x_wconf 88' lang='lat' dir='ltr'>docens</span> <span class='ocrx_word' id='word_1_72' title='bbox 1196 1018 1261 1058; x_wconf 91' lang='lat' dir='ltr'>illa</span> <span class='ocrx_word' id='word_1_73' title='bbox 1283 1033 1373 1060; x_wconf 86' lang='lat' dir='ltr'>esse</span> 
     </span>
     <span class='ocr_line' id='line_1_12' title="bbox 144 1087 1372 1144; baseline 0.002 -16"><span class='ocrx_word' id='word_1_74' title='bbox 144 1088 345 1128; x_wconf 84' lang='lat' dir='ltr'>stabiliora</span> <span class='ocrx_word' id='word_1_75' title='bbox 367 1097 406 1127; x_wconf 90' lang='lat' dir='ltr'>et</span> <span class='ocrx_word' id='word_1_76' title='bbox 439 1087 628 1128; x_wconf 86' lang='lat' dir='ltr'>uiridiora</span> <span class='ocrx_word' id='word_1_77' title='bbox 663 1087 936 1141; x_wconf 86' lang='lat' dir='ltr'>praemiorum</span> <span class='ocrx_word' id='word_1_78' title='bbox 959 1101 1122 1141; x_wconf 84' lang='lat' dir='ltr'>genera,</span> <span class='ocrx_word' id='word_1_79' title='bbox 1162 1103 1264 1142; x_wconf 86' lang='lat' dir='ltr'>quae</span> <span class='ocrx_word' id='word_1_80' title='bbox 1287 1090 1372 1144; x_wconf 87' lang='lat' dir='ltr'>ipse</span> 
     </span>
     <span class='ocr_line' id='line_1_13' title="bbox 145 1158 1373 1212; baseline 0.002 -13"><span class='ocrx_word' id='word_1_81' title='bbox 145 1159 311 1199; x_wconf 88' lang='lat' dir='ltr'>uidisset</span> <span class='ocrx_word' id='word_1_82' title='bbox 333 1159 371 1198; x_wconf 89' lang='lat' dir='ltr'>in</span> <span class='ocrx_word' id='word_1_83' title='bbox 394 1159 509 1199; x_wconf 88' lang='lat' dir='ltr'>caclo</span> <span class='ocrx_word' id='word_1_84' title='bbox 530 1158 644 1198; x_wconf 90' lang='lat' dir='ltr'>bonis</span> <span class='ocrx_word' id='word_1_85' title='bbox 666 1172 801 1198; x_wconf 89' lang='lat' dir='ltr'>rerum</span> <span class='ocrx_word' id='word_1_86' title='bbox 828 1158 1079 1212; x_wconf 89' lang='lat' dir='ltr'>publicarum</span> <span class='ocrx_word' id='word_1_87' title='bbox 1102 1169 1262 1201; x_wconf 85' lang='lat' dir='ltr'>seruata</span> <span class='ocrx_word' id='word_1_88' title='bbox 1283 1175 1373 1202; x_wconf 87' lang='lat' dir='ltr'>rec-</span> 
     </span>
    </p>
   </div>
   <div class='ocr_carea' id='block_1_3' title="bbox 145 1229 790 1285">
    <p class='ocr_par' dir='ltr' id='par_1_3' title="bbox 145 1229 790 1285">
     <span class='ocr_line' id='line_1_14' title="bbox 145 1229 790 1285; baseline -0.003 -14"><span class='ocrx_word' id='word_1_89' title='bbox 145 1231 310 1271; x_wconf 82' lang='lat' dir='ltr'>toribus.</span> <span class='ocrx_word' id='word_1_90' title='bbox 372 1229 484 1271; x_wconf 82' lang='lat' dir='ltr'>Idem</span> <span class='ocrx_word' id='word_1_91' title='bbox 504 1245 592 1285; x_wconf 74' lang='lat' dir='ltr'>cap.</span> <span class='ocrx_word' id='word_1_92' title='bbox 618 1229 705 1270; x_wconf 80' lang='lat' dir='ltr'>IV.</span> <span class='ocrx_word' id='word_1_93' title='bbox 723 1229 748 1252; x_wconf 40' lang='grc' dir='ltr'><strong>ἦ</strong></span> <span class='ocrx_word' id='word_1_94' title='bbox 764 1229 790 1253; x_wconf 54' lang='lat'>³⁶</span> 
     </span>
    </p>
   </div>
   <div class='ocr_carea' id='block_1_4' title="bbox 581 1409 951 1457">
    <p class='ocr_par' dir='ltr' id='par_1_4' title="bbox 581 1409 951 1457">
     <span class='ocr_line' id='line_1_15' title="bbox 581 1409 951 1457; baseline 0.003 -1"><span class='ocrx_word' id='word_1_95' title='bbox 581 1409 951 1457; x_wconf 85' lang='lat' dir='ltr'>SOMNIVM</span> 
     </span>
    </p>
   </div>
   <div class='ocr_carea' id='block_1_5' title="bbox 150 1520 1387 2368">
    <p class='ocr_par' dir='ltr' id='par_1_5' title="bbox 150 1520 1387 2368">
     <span class='ocr_line' id='line_1_16' title="bbox 209 1520 1377 1566; baseline 0.004 -5"><span class='ocrx_word' id='word_1_96' title='bbox 209 1521 234 1546; x_wconf 76' lang='lat'>÷÷</span> <span class='ocrx_word' id='word_1_97' title='bbox 250 1522 276 1546; x_wconf 39' lang='grc' dir='ltr'>ἦ</span> <span class='ocrx_word' id='word_1_98' title='bbox 290 1521 367 1562; x_wconf 89' lang='grc' dir='ltr'>ΙΧ.</span> <span class='ocrx_word' id='word_1_99' title='bbox 401 1520 510 1562; x_wconf 91' lang='lat' dir='ltr'>Cum</span> <span class='ocrx_word' id='word_1_100' title='bbox 532 1521 572 1561; x_wconf 88' lang='lat' dir='ltr'>in</span> <span class='ocrx_word' id='word_1_101' title='bbox 594 1520 776 1561; x_wconf 83' lang='lat' dir='ltr'>Africam</span> <span class='ocrx_word' id='word_1_102' title='bbox 791 1523 994 1562; x_wconf 87' lang='lat' dir='ltr'>uenissem</span> <span class='ocrx_word' id='word_1_103' title='bbox 1017 1522 1076 1564; x_wconf 89' lang='lat' dir='ltr'>M’</span> <span class='ocrx_word' id='word_1_104' title='bbox 1091 1523 1259 1565; x_wconf 89' lang='lat' dir='ltr'>Manilio</span> <span class='ocrx_word' id='word_1_105' title='bbox 1281 1539 1377 1566; x_wconf 90' lang='lat' dir='ltr'>con—</span> 
     </span>
     <span class='ocr_line' id='line_1_17' title="bbox 151 1593 1380 1648; baseline 0.002 -13"><span class='ocrx_word' id='word_1_106' title='bbox 151 1595 224 1635; x_wconf 83' lang='lat' dir='ltr'>suli</span> <span class='ocrx_word' id='word_1_107' title='bbox 247 1594 298 1634; x_wconf 87' lang='lat' dir='ltr'>ad</span> <span class='ocrx_word' id='word_1_108' title='bbox 321 1602 502 1647; x_wconf 87' lang='lat' dir='ltr'>quartam</span> <span class='ocrx_word' id='word_1_109' title='bbox 525 1593 726 1646; x_wconf 75' lang='lat' dir='ltr'>legionem</span> <span class='ocrx_word' id='word_1_110' title='bbox 747 1594 940 1644; x_wconf 88' lang='lat' dir='ltr'>tribunus,</span> <span class='ocrx_word' id='word_1_111' title='bbox 972 1604 1013 1634; x_wconf 90' lang='lat' dir='ltr'>ut</span> <span class='ocrx_word' id='word_1_112' title='bbox 1035 1595 1156 1646; x_wconf 88' lang='lat' dir='ltr'>scitis,</span> <span class='ocrx_word' id='word_1_113' title='bbox 1180 1596 1347 1637; x_wconf 90' lang='lat' dir='ltr'>militum</span> <span class='ocrx_word' id='word_1_114' title='bbox 1366 1612 1380 1648; x_wconf 90' lang='lat'>;</span> 
     </span>
     <span class='ocr_line' id='line_1_18' title="bbox 150 1663 1379 1718; baseline 0.002 -13"><span class='ocrx_word' id='word_1_115' title='bbox 150 1665 246 1705; x_wconf 88' lang='lat' dir='ltr'>nihil</span> <span class='ocrx_word' id='word_1_116' title='bbox 268 1665 363 1704; x_wconf 87' lang='lat' dir='ltr'>mihi</span> <span class='ocrx_word' id='word_1_117' title='bbox 386 1664 517 1718; x_wconf 89' lang='lat' dir='ltr'>potius</span> <span class='ocrx_word' id='word_1_118' title='bbox 533 1663 604 1703; x_wconf 88' lang='lat' dir='ltr'>fuit</span> <span class='ocrx_word' id='word_1_119' title='bbox 626 1678 745 1717; x_wconf 87' lang='lat' dir='ltr'>quam</span> <span class='ocrx_word' id='word_1_120' title='bbox 761 1674 803 1704; x_wconf 89' lang='lat' dir='ltr'>ut</span> <span class='ocrx_word' id='word_1_121' title='bbox 825 1664 1080 1706; x_wconf 85' lang='lat' dir='ltr'>Masinissam</span> <span class='ocrx_word' id='word_1_122' title='bbox 1103 1669 1379 1718; x_wconf 86' lang='lat' dir='ltr'>conuenirem,</span> 
     </span>
     <span class='ocr_line' id='line_1_19' title="bbox 150 1735 1378 1790; baseline 0.002 -13"><span class='ocrx_word' id='word_1_123' title='bbox 150 1750 289 1790; x_wconf 78' lang='lat' dir='ltr'>regem</span> <span class='ocrx_word' id='word_1_124' title='bbox 313 1735 486 1775; x_wconf 82' lang='lat' dir='ltr'>familiae</span> <span class='ocrx_word' id='word_1_125' title='bbox 518 1745 678 1775; x_wconf 86' lang='lat' dir='ltr'>nostrae</span> <span class='ocrx_word' id='word_1_126' title='bbox 701 1736 812 1775; x_wconf 86' lang='lat' dir='ltr'>iustis</span> <span class='ocrx_word' id='word_1_127' title='bbox 834 1737 885 1776; x_wconf 92' lang='lat' dir='ltr'>de</span> <span class='ocrx_word' id='word_1_128' title='bbox 922 1738 1054 1778; x_wconf 88' lang='lat' dir='ltr'>causis</span> <span class='ocrx_word' id='word_1_129' title='bbox 1077 1739 1378 1780; x_wconf 85' lang='lat' dir='ltr'>amicissimum.</span> 
     </span>
     <span class='ocr_line' id='line_1_20' title="bbox 152 1807 1380 1862; baseline 0.003 -14"><span class='ocrx_word' id='word_1_130' title='bbox 152 1808 219 1848; x_wconf 87' lang='lat' dir='ltr'>Ad</span> <span class='ocrx_word' id='word_1_131' title='bbox 243 1821 363 1862; x_wconf 87' lang='lat' dir='ltr'>quem</span> <span class='ocrx_word' id='word_1_132' title='bbox 387 1816 429 1846; x_wconf 91' lang='lat' dir='ltr'>ut</span> <span class='ocrx_word' id='word_1_133' title='bbox 449 1807 556 1857; x_wconf 89' lang='lat' dir='ltr'>ueni,</span> <span class='ocrx_word' id='word_1_134' title='bbox 580 1807 818 1860; x_wconf 87' lang='lat' dir='ltr'>complexus</span> <span class='ocrx_word' id='word_1_135' title='bbox 833 1822 898 1847; x_wconf 91' lang='lat' dir='ltr'>me</span> <span class='ocrx_word' id='word_1_136' title='bbox 922 1822 1049 1849; x_wconf 84' lang='lat' dir='ltr'>senex</span> <span class='ocrx_word' id='word_1_137' title='bbox 1064 1810 1380 1862; x_wconf 69' lang='lat' dir='ltr'>conlacrimaust,</span> 
     </span>
     <span class='ocr_line' id='line_1_21' title="bbox 154 1881 1383 1938; baseline 0.004 -18"><span class='ocrx_word' id='word_1_138' title='bbox 154 1881 436 1935; x_wconf 85' lang='lat' dir='ltr'>aliquantoque</span> <span class='ocrx_word' id='word_1_139' title='bbox 474 1889 564 1934; x_wconf 88' lang='lat' dir='ltr'>post</span> <span class='ocrx_word' id='word_1_140' title='bbox 599 1881 779 1935; x_wconf 83' lang='lat' dir='ltr'>suspexit</span> <span class='ocrx_word' id='word_1_141' title='bbox 812 1882 850 1921; x_wconf 89' lang='lat' dir='ltr'>in</span> <span class='ocrx_word' id='word_1_142' title='bbox 873 1882 1061 1922; x_wconf 86' lang='lat' dir='ltr'>caelum:</span> <span class='ocrx_word' id='word_1_143' title='bbox 1094 1893 1134 1923; x_wconf 89' lang='lat' dir='ltr'>et</span> <span class='ocrx_word' id='word_1_144' title='bbox 1155 1893 1301 1938; x_wconf 83' lang='lat' dir='ltr'>grates,</span> <span class='ocrx_word' id='word_1_145' title='bbox 1324 1885 1383 1925; x_wconf 92' lang='lat' dir='ltr'>in-</span> 
     </span>
     <span class='ocr_line' id='line_1_22' title="bbox 154 1952 1383 2009; baseline 0.005 -18"><span class='ocrx_word' id='word_1_146' title='bbox 154 1953 250 2006; x_wconf 87' lang='lat' dir='ltr'>quit,</span> <span class='ocrx_word' id='word_1_147' title='bbox 273 1952 341 1992; x_wconf 86' lang='lat' dir='ltr'>tibi</span> <span class='ocrx_word' id='word_1_148' title='bbox 377 1965 466 2006; x_wconf 85' lang='lat' dir='ltr'>ago,</span> <span class='ocrx_word' id='word_1_149' title='bbox 502 1966 658 1992; x_wconf 85' lang='lat' dir='ltr'>summe</span> <span class='ocrx_word' id='word_1_150' title='bbox 696 1953 768 2002; x_wconf 89' lang='lat' dir='ltr'>sol,</span> <span class='ocrx_word' id='word_1_151' title='bbox 802 1953 995 2008; x_wconf 89' lang='lat' dir='ltr'>uobisque</span> <span class='ocrx_word' id='word_1_152' title='bbox 1030 1955 1170 2009; x_wconf 82' lang='lat' dir='ltr'>reliqui</span> <span class='ocrx_word' id='word_1_153' title='bbox 1203 1957 1383 2007; x_wconf 84' lang='lat' dir='ltr'>caelites,</span> 
     </span>
     <span class='ocr_line' id='line_1_23' title="bbox 157 2023 1385 2081; baseline 0.006 -20"><span class='ocrx_word' id='word_1_154' title='bbox 157 2023 264 2076; x_wconf 91' lang='lat' dir='ltr'>quod</span> <span class='ocrx_word' id='word_1_155' title='bbox 288 2032 377 2062; x_wconf 88' lang='lat' dir='ltr'>ante</span> <span class='ocrx_word' id='word_1_156' title='bbox 401 2037 521 2076; x_wconf 87' lang='lat' dir='ltr'>quam</span> <span class='ocrx_word' id='word_1_157' title='bbox 545 2037 596 2063; x_wconf 86' lang='lat' dir='ltr'>ex</span> <span class='ocrx_word' id='word_1_158' title='bbox 629 2024 705 2064; x_wconf 89' lang='lat' dir='ltr'>hac</span> <span class='ocrx_word' id='word_1_159' title='bbox 728 2024 809 2064; x_wconf 89' lang='lat' dir='ltr'>uita</span> <span class='ocrx_word' id='word_1_160' title='bbox 830 2025 971 2079; x_wconf 82' lang='lat' dir='ltr'>migro,</span> <span class='ocrx_word' id='word_1_161' title='bbox 1005 2027 1208 2081; x_wconf 80' lang='lat' dir='ltr'>conspicio</span> <span class='ocrx_word' id='word_1_162' title='bbox 1231 2028 1269 2067; x_wconf 90' lang='lat' dir='ltr'>in</span> <span class='ocrx_word' id='word_1_163' title='bbox 1292 2042 1385 2068; x_wconf 91' lang='lat' dir='ltr'>meo</span> 
     </span>
     <span class='ocr_line' id='line_1_24' title="bbox 156 2094 1385 2152; baseline 0.005 -19"><span class='ocrx_word' id='word_1_164' title='bbox 156 2108 280 2147; x_wconf 79' lang='lat' dir='ltr'>regno</span> <span class='ocrx_word' id='word_1_165' title='bbox 318 2103 358 2133; x_wconf 91' lang='lat' dir='ltr'>et</span> <span class='ocrx_word' id='word_1_166' title='bbox 390 2094 449 2134; x_wconf 83' lang='lat' dir='ltr'>his</span> <span class='ocrx_word' id='word_1_167' title='bbox 485 2095 602 2135; x_wconf 89' lang='lat' dir='ltr'>tectis</span> <span class='ocrx_word' id='word_1_168' title='bbox 624 2094 674 2135; x_wconf 90' lang='lat' dir='ltr'>P.</span> <span class='ocrx_word' id='word_1_169' title='bbox 715 2094 951 2136; x_wconf 87' lang='lat' dir='ltr'>Cornelium</span> <span class='ocrx_word' id='word_1_170' title='bbox 988 2097 1236 2152; x_wconf 86' lang='lat' dir='ltr'>Scipionem,</span> <span class='ocrx_word' id='word_1_171' title='bbox 1272 2099 1385 2139; x_wconf 91' lang='lat' dir='ltr'>cuius</span> 
     </span>
     <span class='ocr_line' id='line_1_25' title="bbox 158 2166 1386 2224; baseline 0.005 -18"><span class='ocrx_word' id='word_1_172' title='bbox 158 2180 234 2219; x_wconf 82' lang='lat' dir='ltr'>ego</span> <span class='ocrx_word' id='word_1_173' title='bbox 268 2166 427 2205; x_wconf 88' lang='lat' dir='ltr'>nomine</span> <span class='ocrx_word' id='word_1_174' title='bbox 462 2166 548 2220; x_wconf 89' lang='lat' dir='ltr'>ipso</span> <span class='ocrx_word' id='word_1_175' title='bbox 590 2181 779 2207; x_wconf 87' lang='lat' dir='ltr'>recreor:</span> <span class='ocrx_word' id='word_1_176' title='bbox 811 2168 864 2208; x_wconf 87' lang='lat' dir='ltr'>ita</span> <span class='ocrx_word' id='word_1_177' title='bbox 900 2184 1121 2224; x_wconf 90' lang='lat' dir='ltr'>numquam</span> <span class='ocrx_word' id='word_1_178' title='bbox 1158 2185 1211 2211; x_wconf 79' lang='lat' dir='ltr'>ex</span> <span class='ocrx_word' id='word_1_179' title='bbox 1254 2172 1386 2212; x_wconf 80' lang='lat' dir='ltr'>anime</span> 
     </span>
     <span class='ocr_line' id='line_1_26' title="bbox 157 2238 1387 2295; baseline 0.006 -18"><span class='ocrx_word' id='word_1_180' title='bbox 157 2252 251 2278; x_wconf 87' lang='lat' dir='ltr'>mco</span> <span class='ocrx_word' id='word_1_181' title='bbox 289 2238 461 2278; x_wconf 88' lang='lat' dir='ltr'>discedit</span> <span class='ocrx_word' id='word_1_182' title='bbox 482 2238 583 2279; x_wconf 85' lang='lat' dir='ltr'>illius</span> <span class='ocrx_word' id='word_1_183' title='bbox 617 2240 756 2293; x_wconf 88' lang='lat' dir='ltr'>optimi</span> <span class='ocrx_word' id='word_1_184' title='bbox 778 2250 897 2295; x_wconf 88' lang='lat' dir='ltr'>atque</span> <span class='ocrx_word' id='word_1_185' title='bbox 935 2242 1181 2283; x_wconf 84' lang='lat' dir='ltr'>inuictissimi</span> <span class='ocrx_word' id='word_1_186' title='bbox 1207 2244 1279 2283; x_wconf 83' lang='lat' dir='ltr'>uiri</span> <span class='ocrx_word' id='word_1_187' title='bbox 1301 2258 1387 2284; x_wconf 86' lang='lat' dir='ltr'>me-</span> 
     </span>
     <span class='ocr_line' id='line_1_27' title="bbox 159 2309 1385 2368; baseline 0.007 -19"><span class='ocrx_word' id='word_1_188' title='bbox 159 2310 299 2350; x_wconf 85' lang='lat' dir='ltr'>moria.</span> <span class='ocrx_word' id='word_1_189' title='bbox 364 2309 528 2351; x_wconf 90' lang='lat' dir='ltr'>Deinde</span> <span class='ocrx_word' id='word_1_190' title='bbox 565 2325 641 2364; x_wconf 78' lang='lat' dir='ltr'>ego</span> <span class='ocrx_word' id='word_1_191' title='bbox 675 2312 785 2352; x_wconf 91' lang='lat' dir='ltr'>illum</span> <span class='ocrx_word' id='word_1_192' title='bbox 808 2313 858 2353; x_wconf 92' lang='lat' dir='ltr'>de</span> <span class='ocrx_word' id='word_1_193' title='bbox 896 2328 969 2354; x_wconf 85' lang='lat' dir='ltr'>suo</span> <span class='ocrx_word' id='word_1_194' title='bbox 997 2328 1135 2368; x_wconf 84' lang='lat' dir='ltr'>regno,</span> <span class='ocrx_word' id='word_1_195' title='bbox 1159 2315 1223 2356; x_wconf 90' lang='lat' dir='ltr'>ille</span> <span class='ocrx_word' id='word_1_196' title='bbox 1246 2330 1311 2357; x_wconf 91' lang='lat' dir='ltr'>me</span> <span class='ocrx_word' id='word_1_197' title='bbox 1336 2317 1385 2356; x_wconf 80' lang='lat' dir='ltr'>de</span> 
     </span>
    </p>
   </div>
  </div>
 </body>
</html>
