1611 2708
180 227 250 273 ‘⁴:24
592 243 655 273 DE
691 241 753 273 RE
790 241 997 272 PvssLch

186 350 235 391 rii
271 349 460 401 Gracchi,
496 360 536 390 et
568 351 647 391 iam
681 360 770 391 ante
803 359 885 390 tota
917 349 1020 390 illius
1056 349 1154 389 ratio
1187 349 1406 390 tribunatus

187 421 323 462 diuisit
355 421 546 475 populum
580 436 703 461 unum
736 421 775 461 in
809 422 908 461 duas
941 421 1089 475 partis:
1120 420 1407 460 obtrectatores

191 502 324 534 autem
347 501 386 532 et
412 492 533 532 inuidi
558 492 770 547 Scipionis,
803 493 919 532 initiis
941 491 1055 532 sactis
1078 506 1100 531 a
1123 490 1173 531 P.
1197 490 1348 531 Crasso
1370 500 1410 530 et

191 564 324 618 Appio
347 561 535 614 Claudio,
557 573 694 623 tenent
718 563 839 603 nihilo
861 564 991 603 minus
1013 563 1086 603 illis
1108 563 1273 603 mortuis
1294 576 1409 602 sena-

190 645 253 675 tus
275 634 441 675 alteram
469 645 624 689 partem
658 635 916 675 dissidentem
940 648 962 674 a
984 634 1110 684 uobis,
1134 643 1296 674 auctore
1319 632 1409 672 Me-

191 705 285 746 tello
307 714 347 746 et
367 705 418 746 P.
442 704 608 746 Mucio:
639 719 771 759 neque
793 706 913 755 hunc,
938 706 1003 759 qui
1026 718 1127 744 unus
1148 713 1292 757 potest,
1315 717 1411 743 con-

192 778 320 818 citatis
361 778 465 818 socis
507 786 546 817 et
586 777 746 817 nomine
788 776 923 825 latino,
971 775 1201 815 foederibus
1242 773 1411 822 uiolatis,

191 849 406 888 triumuiris
428 847 736 888 seditiosissimis
767 846 914 900 aliquid
937 847 1069 887 cotitie
1101 846 1193 886 noui
1216 844 1412 885 mouenti-

190 919 279 969 bus,
300 919 415 959 bonis
436 919 531 958 uiris
561 917 826 972 locupletibus
847 918 1100 971 pe1·turbatiS‚
1123 917 1184 957 his
1205 926 1285 956 tam
1307 915 1413 970 peri-

191 990 338 1031 culosis
360 990 480 1030 rebus
507 989 718 1030 subuenire
741 989 954 1043 patiuntur.
1018 987 1155 1036 Quam
1186 987 1237 1027 ob
1259 1001 1359 1035 rem,
1383 986 1413 1025 si

192 1075 257 1102 me
281 1061 464 1110 audietis,
498 1060 791 1109 adulescentes,
815 1060 940 1100 solem
964 1059 1130 1099 alterum
1153 1072 1202 1098 ne
1225 1057 1414 1098 metueri-

191 1135 267 1175 tis:
301 1143 367 1174 aut
389 1134 494 1174 enim
508 1133 638 1173 nullus
661 1147 749 1173 esse
772 1142 930 1186 potest3
953 1141 1019 1172 aut
1041 1133 1089 1171 sit
1109 1145 1221 1181 sane,
1244 1141 1286 1171 ut
1307 1131 1415 1171 uisus

193 1214 266 1254 est,
301 1205 423 1244 modo
455 1218 503 1244 ne
539 1204 587 1244 sit
607 1203 826 1253 molestus3
861 1212 927 1242 aut
961 1203 1062 1242 scire
1096 1203 1259 1242 istarum
1282 1215 1415 1241 rerum

193 1275 316 1327 nihil;
353 1284 419 1315 aut
440 1275 594 1315 etiamsi
629 1275 805 1314 maxime
829 1274 1016 1323 sciemus,
1048 1286 1124 1313 nec
1158 1273 1345 1313 meliores
1366 1272 1417 1312 ob

194 1361 286 1388 eam
309 1347 516 1387 scientiam
538 1361 614 1386 nec
635 1346 838 1386 beatiores
860 1359 949 1385 esse
971 1359 1183 1399 possumus
1201 1359 1209 1383 :
1237 1354 1418 1384 senatum

194 1432 293 1458 uero
316 1427 355 1457 et
388 1418 580 1471 populum
602 1426 645 1456 ut
679 1431 801 1456 unum
836 1416 1071 1465 habeamus,
1095 1425 1134 1455 et
1166 1415 1252 1455 fieri
1274 1424 1417 1468 potest,

195 1498 235 1530 et
251 1488 536 1543 permolestum
571 1497 630 1527 est
650 1488 723 1527 nisi
747 1488 814 1537 fit3
849 1496 888 1526 et
910 1500 1027 1526 secus
1062 1500 1150 1526 esse
1173 1487 1346 1526 scimus:
1380 1496 1420 1526 et

195 1561 396 1609 uidemus,
420 1560 450 1599 si
466 1559 506 1599 id
530 1558 719 1599 effectum
738 1558 799 1607 sit,
823 1566 862 1597 et
884 1557 1111 1597 meliusnos
1133 1571 1222 1597 esse
1247 1558 1419 1597 uicturos

198 1640 237 1671 et
258 1632 455 1671 beautius.

256 1700 356 1742 XX.
390 1701 500 1741 Tum
523 1700 699 1751 Mucius,
734 1701 828 1755 quid
851 1715 939 1741 esse
962 1701 1078 1754 igitur
1110 1714 1266 1750 censes,
1290 1699 1420 1749 Laeli,

199 1773 439 1813 discendum
473 1773 600 1822 nobis,
644 1782 685 1812 ut
727 1773 819 1812 istut
856 1773 1018 1812 efficere
1060 1773 1258 1826 possimus
1292 1772 1423 1826 ipsum

200 1844 308 1898 qnod
330 1843 537 1897 postulas?
570 1842 625 1882 L.
660 1842 744 1882 Eas
768 1843 860 1883 artis
883 1857 984 1897 quae
1000 1844 1174 1883 efficiant
1194 1853 1236 1883 ut
1257 1843 1343 1882 usui
1367 1843 1423 1882 ci-

200 1915 310 1954 uitati
334 1914 482 1954 simus:
516 1914 555 1954 id
578 1914 684 1953 enim
707 1928 796 1954 esse
819 1914 1182 1968 praeclarissimum
1205 1914 1423 1967 sapientiae

200 1999 344 2025 munus
366 1986 670 2038 maximumque
694 1985 848 2024 uirtutis
870 1986 935 2025 uel
969 1986 1254 2025 documentum
1278 1984 1342 2024 uel
1364 1982 1423 2023 os-

202 2056 337 2096 ficium
371 2065 481 2109 puto.
544 2054 681 2102 Quam
704 2055 754 2095 ob
789 2069 874 2094 reni
909 2065 950 2096 ut
972 2056 1046 2096 hae
1083 2056 1205 2096 seriae
1229 2056 1341 2097 nobis
1374 2055 1424 2096 ad

203 2127 430 2167 utilissimos
464 2127 521 2167 rei
556 2126 741 2180 publicae
776 2139 981 2167 sermones
1016 2128 1264 2181 potissimum
1287 2125 1425 2167 confe-

203 2207 350 2248 rantur,
388 2198 620 2253 Scipionem
655 2212 841 2251 rogemus
864 2207 904 2237 ut
937 2199 1113 2253 explicet
1147 2213 1267 2253 quem
1289 2197 1425 2238 existi-

204 2279 285 2311 met
308 2284 398 2312 esse
411 2271 606 2325 optimum
623 2280 766 2311 statum
789 2270 974 2311 ciuitatis.
1027 2270 1190 2311 Deinde
1213 2271 1288 2310 alia
1303 2282 1419 2323 quae-
