<?xml version="1.0" encoding="UTF-8"?>
<!DOCTYPE html PUBLIC "-//W3C//DTD XHTML 1.0 Transitional//EN"
    "http://www.w3.org/TR/xhtml1/DTD/xhtml1-transitional.dtd">
<html xmlns="http://www.w3.org/1999/xhtml" xml:lang="en" lang="en">
 <head>
  <title>
</title>
<meta http-equiv="Content-Type" content="text/html;charset=utf-8" />
  <meta name='ocr-system' content='tesseract 3.04.00' />
  <meta name='ocr-capabilities' content='ocr_page ocr_carea ocr_par ocr_line ocrx_word'/>
</head>
<body>
  <div class='ocr_page' id='page_1' title='image "./derepublica00ciceuoft_0156.png"; bbox 0 0 1611 2708; ppageno 0'>
   <div class='ocr_carea' id='block_1_1' title="bbox 198 209 1005 265">
    <p class='ocr_par' dir='ltr' id='par_1_1' title="bbox 198 209 1005 265">
     <span class='ocr_line' id='line_1_1' title="bbox 198 209 1005 265; baseline 0.005 -3"><span class='ocrx_word' id='word_1_1' title='bbox 198 209 289 256; x_wconf 71' lang='lat'>114</span> <span class='ocrx_word' id='word_1_2' title='bbox 594 230 658 260; x_wconf 82' lang='lat' dir='ltr'>m:</span> <span class='ocrx_word' id='word_1_3' title='bbox 696 231 758 262; x_wconf 82' lang='lat' dir='ltr'>RE</span> <span class='ocrx_word' id='word_1_4' title='bbox 795 232 1005 265; x_wconf 80' lang='lat' dir='ltr'><strong>PVBLICA</strong></span> 
     </span>
    </p>
   </div>
   <div class='ocr_carea' id='block_1_2' title="bbox 191 333 1415 523">
    <p class='ocr_par' dir='ltr' id='par_1_2' title="bbox 191 333 1415 523">
     <span class='ocr_line' id='line_1_2' title="bbox 251 333 1414 397; baseline 0.011 -23"><span class='ocrx_word' id='word_1_5' title='bbox 251 333 272 356; x_wconf 68' lang='lat'>²*</span> <span class='ocrx_word' id='word_1_6' title='bbox 287 333 308 355; x_wconf 67' lang='lat'>&#39;³‘</span> <span class='ocrx_word' id='word_1_7' title='bbox 321 334 374 376; x_wconf 88' lang='lat' dir='ltr'>V.</span> <span class='ocrx_word' id='word_1_8' title='bbox 408 337 527 377; x_wconf 83' lang='lat' dir='ltr'>Adeo</span> <span class='ocrx_word' id='word_1_9' title='bbox 550 348 592 378; x_wconf 86' lang='lat' dir='ltr'>ut</span> <span class='ocrx_word' id='word_1_10' title='bbox 614 337 763 379; x_wconf 85' lang='lat' dir='ltr'>Cicero</span> <span class='ocrx_word' id='word_1_11' title='bbox 786 341 894 382; x_wconf 86' lang='lat' dir='ltr'>dicat</span> <span class='ocrx_word' id='word_1_12' title='bbox 914 342 953 381; x_wconf 87' lang='lat' dir='ltr'>in</span> <span class='ocrx_word' id='word_1_13' title='bbox 975 342 1083 383; x_wconf 84' lang='lat' dir='ltr'>libris</span> <span class='ocrx_word' id='word_1_14' title='bbox 1115 342 1166 382; x_wconf 90' lang='lat' dir='ltr'>de</span> <span class='ocrx_word' id='word_1_15' title='bbox 1188 357 1232 383; x_wconf 88' lang='lat' dir='ltr'>re</span> <span class='ocrx_word' id='word_1_16' title='bbox 1252 345 1414 397; x_wconf 79' lang='lat' dir='ltr'>publica</span> 
     </span>
     <span class='ocr_line' id='line_1_3' title="bbox 191 408 1415 461; baseline 0.01 -16"><span class='ocrx_word' id='word_1_17' title='bbox 191 408 405 461; x_wconf 78' lang='lat' dir='ltr'>opprobrio</span> <span class='ocrx_word' id='word_1_18' title='bbox 443 408 564 448; x_wconf 73' lang='lat' dir='ltr'>fuisse</span> <span class='ocrx_word' id='word_1_19' title='bbox 598 410 921 453; x_wconf 75' lang='lat' dir='ltr'>adulescentibus</span> <span class='ocrx_word' id='word_1_20' title='bbox 957 414 988 453; x_wconf 89' lang='lat' dir='ltr'>si</span> <span class='ocrx_word' id='word_1_21' title='bbox 1012 423 1211 455; x_wconf 86' lang='lat' dir='ltr'>amatores</span> <span class='ocrx_word' id='word_1_22' title='bbox 1243 429 1322 456; x_wconf 88' lang='lat' dir='ltr'>non</span> <span class='ocrx_word' id='word_1_23' title='bbox 1343 416 1415 458; x_wconf 82' lang='lat' dir='ltr'>ha-</span> 
     </span>
     <span class='ocr_line' id='line_1_4' title="bbox 191 477 1025 523; baseline 0.008 -6"><span class='ocrx_word' id='word_1_24' title='bbox 191 478 344 518; x_wconf 84' lang='lat' dir='ltr'>berent.</span> <span class='ocrx_word' id='word_1_25' title='bbox 371 477 539 519; x_wconf 78' lang='lat' dir='ltr'>Seruius</span> <span class='ocrx_word' id='word_1_26' title='bbox 562 480 616 521; x_wconf 80' lang='lat' dir='ltr'>ad</span> <span class='ocrx_word' id='word_1_27' title='bbox 635 481 740 522; x_wconf 68' lang='lat' dir='ltr'>Aen.</span> <span class='ocrx_word' id='word_1_28' title='bbox 766 481 823 522; x_wconf 90' lang='lat' dir='ltr'>X.</span> <span class='ocrx_word' id='word_1_29' title='bbox 849 485 947 523; x_wconf 78' lang='lat'>325.</span> <span class='ocrx_word' id='word_1_30' title='bbox 964 483 984 504; x_wconf 71' lang='lat'>²¹¹²</span> <span class='ocrx_word' id='word_1_31' title='bbox 1003 483 1025 504; x_wconf 63' lang='lat'>³¹²</span> 
     </span>
    </p>
   </div>
   <div class='ocr_carea' id='block_1_3' title="bbox 168 548 1473 2029">
    <p class='ocr_par' dir='ltr' id='par_1_3' title="bbox 190 548 1415 680">
     <span class='ocr_line' id='line_1_5' title="bbox 250 548 1415 610; baseline 0.009 -22"><span class='ocrx_word' id='word_1_32' title='bbox 250 550 271 571; x_wconf 65' lang='lat'>³*</span> <span class='ocrx_word' id='word_1_33' title='bbox 287 549 307 569; x_wconf 69' lang='lat'>&#39;&#39;</span> <span class='ocrx_word' id='word_1_34' title='bbox 322 548 416 589; x_wconf 88' lang='lat' dir='ltr'>Non</span> <span class='ocrx_word' id='word_1_35' title='bbox 439 551 561 591; x_wconf 88' lang='lat' dir='ltr'>modo</span> <span class='ocrx_word' id='word_1_36' title='bbox 583 560 625 591; x_wconf 85' lang='lat' dir='ltr'>ut</span> <span class='ocrx_word' id='word_1_37' title='bbox 664 551 847 607; x_wconf 81' lang='lat' dir='ltr'>Spartae,</span> <span class='ocrx_word' id='word_1_38' title='bbox 870 568 1013 609; x_wconf 82' lang='lat' dir='ltr'>rapere</span> <span class='ocrx_word' id='word_1_39' title='bbox 1045 555 1111 596; x_wconf 91' lang='lat' dir='ltr'>ubi</span> <span class='ocrx_word' id='word_1_40' title='bbox 1132 556 1247 610; x_wconf 88' lang='lat' dir='ltr'>pueri</span> <span class='ocrx_word' id='word_1_41' title='bbox 1270 565 1310 598; x_wconf 92' lang='lat' dir='ltr'>et</span> <span class='ocrx_word' id='word_1_42' title='bbox 1331 556 1415 598; x_wconf 87' lang='lat' dir='ltr'>cle·-</span> 
     </span>
     <span class='ocr_line' id='line_1_6' title="bbox 190 619 1083 680; baseline 0.01 -22"><span class='ocrx_word' id='word_1_43' title='bbox 190 633 287 673; x_wconf 90' lang='lat' dir='ltr'>pere</span> <span class='ocrx_word' id='word_1_44' title='bbox 312 619 482 661; x_wconf 75' lang='lat' dir='ltr'>discunt.</span> <span class='ocrx_word' id='word_1_45' title='bbox 545 620 712 663; x_wconf 69' lang='lat' dir='ltr'><em>Nonius</em></span> <span class='ocrx_word' id='word_1_46' title='bbox 734 638 820 665; x_wconf 79' lang='lat' dir='ltr'>uoc.</span> <span class='ocrx_word' id='word_1_47' title='bbox 844 623 1008 680; x_wconf 76' lang='lat' dir='ltr'>clepere.</span> <span class='ocrx_word' id='word_1_48' title='bbox 1025 630 1045 652; x_wconf 68' lang='lat'>³¹¹</span> <span class='ocrx_word' id='word_1_49' title='bbox 1061 627 1083 648; x_wconf 72' lang='lat'>*²</span> 
     </span>
    </p>

    <p class='ocr_par' dir='ltr' id='par_1_4' title="bbox 190 689 1416 962">
     <span class='ocr_line' id='line_1_7' title="bbox 250 689 1415 753; baseline 0.008 -23"><span class='ocrx_word' id='word_1_50' title='bbox 250 689 271 711; x_wconf 49' lang='lat'>³³</span> <span class='ocrx_word' id='word_1_51' title='bbox 287 695 307 717; x_wconf 42' lang='grc' dir='ltr'><strong>ᾗ</strong></span> <span class='ocrx_word' id='word_1_52' title='bbox 323 690 378 731; x_wconf 92' lang='lat' dir='ltr'>Et</span> <span class='ocrx_word' id='word_1_53' title='bbox 399 701 534 732; x_wconf 84' lang='lat' dir='ltr'>noster</span> <span class='ocrx_word' id='word_1_54' title='bbox 571 692 688 735; x_wconf 84' lang='lat' dir='ltr'>Plato</span> <span class='ocrx_word' id='word_1_55' title='bbox 722 696 848 748; x_wconf 78' lang='lat' dir='ltr'>magis</span> <span class='ocrx_word' id='word_1_56' title='bbox 883 696 1003 736; x_wconf 85' lang='lat' dir='ltr'>etiam</span> <span class='ocrx_word' id='word_1_57' title='bbox 1026 711 1145 751; x_wconf 85' lang='lat' dir='ltr'>quam</span> <span class='ocrx_word' id='word_1_58' title='bbox 1183 698 1415 753; x_wconf 85' lang='lat' dir='ltr'>Lycurgus,</span> 
     </span>
     <span class='ocr_line' id='line_1_8' title="bbox 191 762 1416 823; baseline 0.006 -20"><span class='ocrx_word' id='word_1_59' title='bbox 191 762 325 803; x_wconf 83' lang='lat' dir='ltr'>omnia</span> <span class='ocrx_word' id='word_1_60' title='bbox 347 763 412 817; x_wconf 90' lang='lat' dir='ltr'>qui</span> <span class='ocrx_word' id='word_1_61' title='bbox 433 778 595 818; x_wconf 86' lang='lat' dir='ltr'>prorsus</span> <span class='ocrx_word' id='word_1_62' title='bbox 617 765 726 805; x_wconf 84' lang='lat' dir='ltr'>iubet</span> <span class='ocrx_word' id='word_1_63' title='bbox 760 780 849 807; x_wconf 86' lang='lat' dir='ltr'>esse</span> <span class='ocrx_word' id='word_1_64' title='bbox 872 768 1116 818; x_wconf 81' lang='lat' dir='ltr'>communia,</span> <span class='ocrx_word' id='word_1_65' title='bbox 1151 770 1293 823; x_wconf 90' lang='lat' dir='ltr'>nequis</span> <span class='ocrx_word' id='word_1_66' title='bbox 1315 770 1416 811; x_wconf 89' lang='lat' dir='ltr'>ciuis</span> 
     </span>
     <span class='ocr_line' id='line_1_9' title="bbox 190 834 1416 892; baseline 0.007 -20"><span class='ocrx_word' id='word_1_67' title='bbox 190 834 393 887; x_wconf 81' lang='lat' dir='ltr'>propriam</span> <span class='ocrx_word' id='word_1_68' title='bbox 416 844 483 874; x_wconf 85' lang='lat' dir='ltr'>aut</span> <span class='ocrx_word' id='word_1_69' title='bbox 505 850 616 875; x_wconf 82' lang='lat' dir='ltr'>suam</span> <span class='ocrx_word' id='word_1_70' title='bbox 638 850 725 876; x_wconf 90' lang='lat' dir='ltr'>rem</span> <span class='ocrx_word' id='word_1_71' title='bbox 747 837 868 877; x_wconf 84' lang='lat' dir='ltr'>ullam</span> <span class='ocrx_word' id='word_1_72' title='bbox 891 847 1012 892; x_wconf 83' lang='lat' dir='ltr'>queat</span> <span class='ocrx_word' id='word_1_73' title='bbox 1033 838 1185 880; x_wconf 84' lang='lat' dir='ltr'>dicere.</span> <span class='ocrx_word' id='word_1_74' title='bbox 1246 838 1303 880; x_wconf 84' lang='lat' dir='ltr'><em>N</em></span> <span class='ocrx_word' id='word_1_75' title='bbox 1299 840 1416 880; x_wconf 79' lang='lat' dir='ltr'>onius</span> 
     </span>
     <span class='ocr_line' id='line_1_10' title="bbox 191 907 599 962; baseline 0.007 -17"><span class='ocrx_word' id='word_1_76' title='bbox 191 919 278 946; x_wconf 81' lang='lat' dir='ltr'>uoc.</span> <span class='ocrx_word' id='word_1_77' title='bbox 293 907 524 962; x_wconf 77' lang='lat' dir='ltr'>proprium.</span> <span class='ocrx_word' id='word_1_78' title='bbox 541 909 562 931; x_wconf 72' lang='lat'>’³¹‘</span> <span class='ocrx_word' id='word_1_79' title='bbox 577 909 599 930; x_wconf 67' lang='lat'>*²</span> 
     </span>
    </p>

    <p class='ocr_par' dir='ltr' id='par_1_5' title="bbox 192 977 1473 1177">
     <span class='ocr_line' id='line_1_11' title="bbox 250 977 1416 1035; baseline 0.004 -17"><span class='ocrx_word' id='word_1_80' title='bbox 250 978 272 1000; x_wconf 68' lang='lat'>²*</span> <span class='ocrx_word' id='word_1_81' title='bbox 286 984 307 1005; x_wconf 70' lang='lat'>&#39;¹‘</span> <span class='ocrx_word' id='word_1_82' title='bbox 323 977 414 1032; x_wconf 84' lang='lat' dir='ltr'>Ego</span> <span class='ocrx_word' id='word_1_83' title='bbox 450 993 549 1019; x_wconf 91' lang='lat' dir='ltr'>uero</span> <span class='ocrx_word' id='word_1_84' title='bbox 567 978 713 1020; x_wconf 79' lang='lat' dir='ltr'>eodem</span> <span class='ocrx_word' id='word_1_85' title='bbox 748 994 826 1035; x_wconf 89' lang='lat' dir='ltr'>quo</span> <span class='ocrx_word' id='word_1_86' title='bbox 848 981 912 1021; x_wconf 90' lang='lat' dir='ltr'>ille</span> <span class='ocrx_word' id='word_1_87' title='bbox 936 980 1163 1022; x_wconf 87' lang='lat' dir='ltr'>Homerum</span> <span class='ocrx_word' id='word_1_88' title='bbox 1185 983 1416 1023; x_wconf 89' lang='lat' dir='ltr'>redimitum</span> 
     </span>
     <span class='ocr_line' id='line_1_12' title="bbox 192 1048 1473 1105; baseline 0.005 -18"><span class='ocrx_word' id='word_1_89' title='bbox 192 1048 348 1089; x_wconf 86' lang='lat' dir='ltr'>coronis</span> <span class='ocrx_word' id='word_1_90' title='bbox 383 1059 422 1089; x_wconf 91' lang='lat' dir='ltr'>et</span> <span class='ocrx_word' id='word_1_91' title='bbox 460 1050 680 1091; x_wconf 87' lang='lat' dir='ltr'>delibutum</span> <span class='ocrx_word' id='word_1_92' title='bbox 718 1052 929 1105; x_wconf 82' lang='lat' dir='ltr'>unguentis</span> <span class='ocrx_word' id='word_1_93' title='bbox 966 1053 1108 1092; x_wconf 87' lang='lat' dir='ltr'>emittit</span> <span class='ocrx_word' id='word_1_94' title='bbox 1143 1066 1196 1092; x_wconf 84' lang='lat' dir='ltr'>ex</span> <span class='ocrx_word' id='word_1_95' title='bbox 1231 1067 1280 1092; x_wconf 82' lang='lat' dir='ltr'>ea</span> <span class='ocrx_word' id='word_1_96' title='bbox 1316 1053 1415 1093; x_wconf 89' lang='lat' dir='ltr'>urbe</span> <span class='ocrx_word' id='word_1_97' title='bbox 1471 1061 1473 1064; x_wconf 87' lang='lat'>&#39;</span> 
     </span>
     <span class='ocr_line' id='line_1_13' title="bbox 193 1120 1265 1177; baseline 0.003 -18"><span class='ocrx_word' id='word_1_98' title='bbox 193 1133 312 1173; x_wconf 78' lang='lat' dir='ltr'>quam</span> <span class='ocrx_word' id='word_1_99' title='bbox 335 1121 407 1161; x_wconf 87' lang='lat' dir='ltr'><strong>sibi</strong></span> <span class='ocrx_word' id='word_1_100' title='bbox 429 1121 514 1175; x_wconf 89' lang='lat' dir='ltr'>ipse</span> <span class='ocrx_word' id='word_1_101' title='bbox 537 1121 663 1175; x_wconf 81' lang='lat' dir='ltr'>fingit.</span> <span class='ocrx_word' id='word_1_102' title='bbox 725 1121 780 1162; x_wconf 84' lang='grc' dir='ltr'><em>Ν</em></span> <span class='ocrx_word' id='word_1_103' title='bbox 777 1122 892 1161; x_wconf 79' lang='lat' dir='ltr'>onius</span> <span class='ocrx_word' id='word_1_104' title='bbox 915 1135 1001 1161; x_wconf 86' lang='lat' dir='ltr'>uoc.</span> <span class='ocrx_word' id='word_1_105' title='bbox 1013 1120 1192 1177; x_wconf 82' lang='lat' dir='ltr'>fingere.</span> <span class='ocrx_word' id='word_1_106' title='bbox 1208 1128 1229 1150; x_wconf 69' lang='lat'>&#39;²¹‘</span> <span class='ocrx_word' id='word_1_107' title='bbox 1244 1122 1265 1143; x_wconf 67' lang='lat'>²*</span> 
     </span>
    </p>

    <p class='ocr_par' dir='ltr' id='par_1_6' title="bbox 168 1190 1419 1460">
     <span class='ocr_line' id='line_1_14' title="bbox 250 1190 1419 1234; baseline 0.003 -4"><span class='ocrx_word' id='word_1_108' title='bbox 250 1190 394 1230; x_wconf 56' lang='lat' dir='ltr'>*²¹²VI.</span> <span class='ocrx_word' id='word_1_109' title='bbox 429 1190 622 1231; x_wconf 82' lang='lat' dir='ltr'>Censoris</span> <span class='ocrx_word' id='word_1_110' title='bbox 658 1192 851 1232; x_wconf 87' lang='lat' dir='ltr'>iudicium</span> <span class='ocrx_word' id='word_1_111' title='bbox 887 1192 984 1232; x_wconf 90' lang='lat' dir='ltr'>nihil</span> <span class='ocrx_word' id='word_1_112' title='bbox 1016 1191 1100 1233; x_wconf 90' lang='lat' dir='ltr'>sere</span> <span class='ocrx_word' id='word_1_113' title='bbox 1134 1193 1322 1234; x_wconf 79' lang='lat' dir='ltr'>damnato</span> <span class='ocrx_word' id='word_1_114' title='bbox 1344 1193 1419 1233; x_wconf 90' lang='lat' dir='ltr'>nisi</span> 
     </span>
     <span class='ocr_line' id='line_1_15' title="bbox 168 1261 1418 1316; baseline 0.002 -15"><span class='ocrx_word' id='word_1_115' title='bbox 168 1304 172 1310; x_wconf 62' lang='lat'>.</span> <span class='ocrx_word' id='word_1_116' title='bbox 191 1262 379 1302; x_wconf 82' lang='lat' dir='ltr'>ruborem</span> <span class='ocrx_word' id='word_1_117' title='bbox 402 1261 544 1302; x_wconf 82' lang='lat' dir='ltr'>adfert.</span> <span class='ocrx_word' id='word_1_118' title='bbox 597 1261 737 1316; x_wconf 82' lang='lat' dir='ltr'>Itaque</span> <span class='ocrx_word' id='word_1_119' title='bbox 760 1271 803 1302; x_wconf 90' lang='lat' dir='ltr'>ut</span> <span class='ocrx_word' id='word_1_120' title='bbox 833 1263 962 1302; x_wconf 89' lang='lat' dir='ltr'>omnis</span> <span class='ocrx_word' id='word_1_121' title='bbox 984 1276 1033 1302; x_wconf 83' lang='lat' dir='ltr'>ea</span> <span class='ocrx_word' id='word_1_122' title='bbox 1068 1263 1258 1303; x_wconf 84' lang='lat' dir='ltr'>iudicatio</span> <span class='ocrx_word' id='word_1_123' title='bbox 1280 1277 1418 1303; x_wconf 81' lang='lat' dir='ltr'>uersa—</span> 
     </span>
     <span class='ocr_line' id='line_1_16' title="bbox 191 1334 1419 1389; baseline 0.001 -15"><span class='ocrx_word' id='word_1_124' title='bbox 191 1344 254 1375; x_wconf 79' lang='lat' dir='ltr'>tur</span> <span class='ocrx_word' id='word_1_125' title='bbox 290 1335 567 1374; x_wconf 82' lang='lat' dir='ltr'>tantummodo</span> <span class='ocrx_word' id='word_1_126' title='bbox 604 1335 643 1374; x_wconf 91' lang='lat' dir='ltr'>in</span> <span class='ocrx_word' id='word_1_127' title='bbox 665 1334 840 1384; x_wconf 86' lang='lat' dir='ltr'>nomine,</span> <span class='ocrx_word' id='word_1_128' title='bbox 875 1334 1170 1375; x_wconf 87' lang='lat' dir='ltr'>animaduersio</span> <span class='ocrx_word' id='word_1_129' title='bbox 1206 1334 1273 1376; x_wconf 82' lang='lat' dir='ltr'>illa</span> <span class='ocrx_word' id='word_1_130' title='bbox 1305 1334 1419 1389; x_wconf 85' lang='lat' dir='ltr'>igno-</span> 
     </span>
     <span class='ocr_line' id='line_1_17' title="bbox 193 1404 1214 1460; baseline -0.001 -14"><span class='ocrx_word' id='word_1_131' title='bbox 193 1406 315 1446; x_wconf 78' lang='lat' dir='ltr'>minia</span> <span class='ocrx_word' id='word_1_132' title='bbox 337 1406 443 1446; x_wconf 80' lang='lat' dir='ltr'>dicta</span> <span class='ocrx_word' id='word_1_133' title='bbox 466 1415 538 1446; x_wconf 88' lang='lat' dir='ltr'>est.</span> <span class='ocrx_word' id='word_1_134' title='bbox 601 1404 657 1446; x_wconf 85' lang='grc' dir='ltr'><em>Ν</em></span> <span class='ocrx_word' id='word_1_135' title='bbox 653 1404 768 1445; x_wconf 75' lang='lat' dir='ltr'>onius</span> <span class='ocrx_word' id='word_1_136' title='bbox 790 1420 876 1445; x_wconf 86' lang='lat' dir='ltr'>uoc.</span> <span class='ocrx_word' id='word_1_137' title='bbox 900 1404 1139 1460; x_wconf 75' lang='lat' dir='ltr'>ignominia.</span> <span class='ocrx_word' id='word_1_138' title='bbox 1156 1408 1178 1431; x_wconf 65' lang='lat'>*⁶</span> <span class='ocrx_word' id='word_1_139' title='bbox 1192 1404 1214 1426; x_wconf 66' lang='lat'>³*</span> 
     </span>
    </p>

    <p class='ocr_par' dir='ltr' id='par_1_7' title="bbox 193 1474 1420 1659">
     <span class='ocr_line' id='line_1_18' title="bbox 251 1474 1417 1517; baseline -0.003 0"><span class='ocrx_word' id='word_1_140' title='bbox 251 1482 273 1504; x_wconf 63' lang='lat'>*²</span> <span class='ocrx_word' id='word_1_141' title='bbox 289 1482 309 1504; x_wconf 39' lang='grc' dir='ltr'>*ἰ</span> <span class='ocrx_word' id='word_1_142' title='bbox 325 1476 484 1517; x_wconf 87' lang='lat' dir='ltr'>Horum</span> <span class='ocrx_word' id='word_1_143' title='bbox 531 1476 636 1516; x_wconf 91' lang='lat' dir='ltr'>enim</span> <span class='ocrx_word' id='word_1_144' title='bbox 679 1476 937 1516; x_wconf 83' lang='lat' dir='ltr'>seueritatem</span> <span class='ocrx_word' id='word_1_145' title='bbox 986 1475 1129 1515; x_wconf 87' lang='lat' dir='ltr'>dicitur</span> <span class='ocrx_word' id='word_1_146' title='bbox 1176 1474 1417 1515; x_wconf 86' lang='lat' dir='ltr'>inhorruisse</span> 
     </span>
     <span class='ocr_line' id='line_1_19' title="bbox 193 1544 1420 1603; baseline -0.002 -15"><span class='ocrx_word' id='word_1_147' title='bbox 193 1548 366 1603; x_wconf 86' lang='lat' dir='ltr'>primum</span> <span class='ocrx_word' id='word_1_148' title='bbox 400 1547 555 1588; x_wconf 87' lang='lat' dir='ltr'>ciuitas.</span> <span class='ocrx_word' id='word_1_149' title='bbox 616 1545 784 1587; x_wconf 80' lang='lat' dir='ltr'>Nonius</span> <span class='ocrx_word' id='word_1_150' title='bbox 817 1560 904 1586; x_wconf 82' lang='lat' dir='ltr'>uoc.</span> <span class='ocrx_word' id='word_1_151' title='bbox 942 1545 1184 1586; x_wconf 80' lang='lat' dir='ltr'>horrendum</span> <span class='ocrx_word' id='word_1_152' title='bbox 1220 1552 1255 1586; x_wconf 82' lang='lat' dir='ltr'>et</span> <span class='ocrx_word' id='word_1_153' title='bbox 1286 1544 1420 1586; x_wconf 74' lang='lat' dir='ltr'>horri-</span> 
     </span>
     <span class='ocr_line' id='line_1_20' title="bbox 195 1617 376 1659; baseline 0 0"><span class='ocrx_word' id='word_1_154' title='bbox 195 1619 301 1659; x_wconf 79' lang='lat' dir='ltr'>dum.</span> <span class='ocrx_word' id='word_1_155' title='bbox 319 1620 339 1641; x_wconf 69' lang='lat'><strong>*</strong></span> <span class='ocrx_word' id='word_1_156' title='bbox 355 1617 376 1639; x_wconf 67' lang='lat'>²*</span> 
     </span>
    </p>

    <p class='ocr_par' dir='ltr' id='par_1_8' title="bbox 196 1686 1423 1947">
     <span class='ocr_line' id='line_1_21' title="bbox 255 1686 1420 1741; baseline -0.004 -10"><span class='ocrx_word' id='word_1_157' title='bbox 255 1691 275 1712; x_wconf 62' lang='lat'>*³</span> <span class='ocrx_word' id='word_1_158' title='bbox 290 1690 311 1712; x_wconf 60' lang='lat'>&#39;¹‘</span> <span class='ocrx_word' id='word_1_159' title='bbox 326 1690 419 1731; x_wconf 91' lang='lat' dir='ltr'>Nec</span> <span class='ocrx_word' id='word_1_160' title='bbox 454 1702 552 1729; x_wconf 90' lang='lat' dir='ltr'>uero</span> <span class='ocrx_word' id='word_1_161' title='bbox 593 1688 825 1729; x_wconf 88' lang='lat' dir='ltr'>mulieribus</span> <span class='ocrx_word' id='word_1_162' title='bbox 865 1686 1096 1741; x_wconf 82' lang='lat' dir='ltr'>praefectus</span> <span class='ocrx_word' id='word_1_163' title='bbox 1136 1695 1420 1741; x_wconf 88' lang='lat' dir='ltr'>praeponatur,</span> 
     </span>
     <span class='ocr_line' id='line_1_22' title="bbox 198 1758 1422 1818; baseline -0.005 -15"><span class='ocrx_word' id='word_1_164' title='bbox 198 1763 265 1818; x_wconf 88' lang='lat' dir='ltr'>qui</span> <span class='ocrx_word' id='word_1_165' title='bbox 289 1762 395 1817; x_wconf 83' lang='lat' dir='ltr'>apud</span> <span class='ocrx_word' id='word_1_166' title='bbox 420 1760 601 1801; x_wconf 81' lang='lat' dir='ltr'>Graecos</span> <span class='ocrx_word' id='word_1_167' title='bbox 634 1760 762 1800; x_wconf 86' lang='lat' dir='ltr'>creari</span> <span class='ocrx_word' id='word_1_168' title='bbox 785 1759 911 1810; x_wconf 82' lang='lat' dir='ltr'>solet3</span> <span class='ocrx_word' id='word_1_169' title='bbox 944 1759 1016 1799; x_wconf 84' lang='lat' dir='ltr'>sed</span> <span class='ocrx_word' id='word_1_170' title='bbox 1039 1758 1087 1798; x_wconf 86' lang='lat' dir='ltr'>sit</span> <span class='ocrx_word' id='word_1_171' title='bbox 1108 1772 1251 1798; x_wconf 90' lang='lat' dir='ltr'>censor</span> <span class='ocrx_word' id='word_1_172' title='bbox 1274 1759 1340 1812; x_wconf 89' lang='lat' dir='ltr'>qui</span> <span class='ocrx_word' id='word_1_173' title='bbox 1362 1758 1422 1798; x_wconf 86' lang='lat' dir='ltr'>ui-</span> 
     </span>
     <span class='ocr_line' id='line_1_23' title="bbox 196 1828 1423 1875; baseline -0.004 -1"><span class='ocrx_word' id='word_1_174' title='bbox 196 1849 262 1875; x_wconf 84' lang='lat' dir='ltr'>ros</span> <span class='ocrx_word' id='word_1_175' title='bbox 295 1834 441 1874; x_wconf 85' lang='lat' dir='ltr'>doceat</span> <span class='ocrx_word' id='word_1_176' title='bbox 472 1832 673 1872; x_wconf 81' lang='lat' dir='ltr'>moderari</span> <span class='ocrx_word' id='word_1_177' title='bbox 704 1831 910 1871; x_wconf 87' lang='lat' dir='ltr'>uxoribus.</span> <span class='ocrx_word' id='word_1_178' title='bbox 971 1828 1139 1870; x_wconf 76' lang='lat' dir='ltr'>Nonius</span> <span class='ocrx_word' id='word_1_179' title='bbox 1173 1829 1221 1869; x_wconf 84' lang='lat' dir='ltr'>de</span> <span class='ocrx_word' id='word_1_180' title='bbox 1243 1844 1350 1870; x_wconf 79' lang='lat' dir='ltr'>num.</span> <span class='ocrx_word' id='word_1_181' title='bbox 1387 1836 1423 1869; x_wconf 80' lang='lat' dir='ltr'>et</span> 
     </span>
     <span class='ocr_line' id='line_1_24' title="bbox 199 1905 353 1947; baseline -0.006 0"><span class='ocrx_word' id='word_1_182' title='bbox 199 1920 278 1947; x_wconf 83' lang='lat' dir='ltr'>cas.</span> <span class='ocrx_word' id='word_1_183' title='bbox 295 1911 316 1932; x_wconf 64' lang='lat'>²*</span> <span class='ocrx_word' id='word_1_184' title='bbox 331 1905 353 1926; x_wconf 67' lang='lat'>²*</span> 
     </span>
    </p>

    <p class='ocr_par' dir='ltr' id='par_1_9' title="bbox 257 1972 1421 2029">
     <span class='ocr_line' id='line_1_25' title="bbox 257 1972 1421 2029; baseline -0.003 -13"><span class='ocrx_word' id='word_1_185' title='bbox 257 1982 279 2004; x_wconf 64' lang='lat'>²*</span> <span class='ocrx_word' id='word_1_186' title='bbox 295 1981 315 2003; x_wconf 48' lang='grc' dir='ltr'>ἢ*</span> <span class='ocrx_word' id='word_1_187' title='bbox 329 1976 388 2016; x_wconf 85' lang='lat' dir='ltr'>Ita</span> <span class='ocrx_word' id='word_1_188' title='bbox 411 1990 597 2029; x_wconf 77' lang='lat' dir='ltr'>magnam</span> <span class='ocrx_word' id='word_1_189' title='bbox 623 1975 744 2015; x_wconf 84' lang='lat' dir='ltr'>habet</span> <span class='ocrx_word' id='word_1_190' title='bbox 765 1974 847 2015; x_wconf 89' lang='lat' dir='ltr'>uim</span> <span class='ocrx_word' id='word_1_191' title='bbox 880 1973 1087 2028; x_wconf 84' lang='lat' dir='ltr'>disciplina</span> <span class='ocrx_word' id='word_1_192' title='bbox 1118 1972 1390 2013; x_wconf 84' lang='lat' dir='ltr'>uerecundiae</span> <span class='ocrx_word' id='word_1_193' title='bbox 1411 1986 1421 2012; x_wconf 76' lang='lat' dir='ltr'>t</span> 
     </span>
    </p>
   </div>
   <div class='ocr_carea' id='block_1_4' title="bbox 200 2043 1423 2090">
    <p class='ocr_par' dir='ltr' id='par_1_10' title="bbox 200 2043 1423 2090">
     <span class='ocr_line' id='line_1_26' title="bbox 200 2043 1423 2090; baseline -0.005 -1"><span class='ocrx_word' id='word_1_194' title='bbox 200 2056 340 2090; x_wconf 83' lang='lat' dir='ltr'>carent</span> <span class='ocrx_word' id='word_1_195' title='bbox 371 2056 522 2087; x_wconf 87' lang='lat' dir='ltr'>temeto</span> <span class='ocrx_word' id='word_1_196' title='bbox 557 2060 697 2087; x_wconf 83' lang='lat' dir='ltr'>omnes</span> <span class='ocrx_word' id='word_1_197' title='bbox 718 2046 923 2086; x_wconf 86' lang='lat' dir='ltr'>mulieres.</span> <span class='ocrx_word' id='word_1_198' title='bbox 985 2043 1152 2085; x_wconf 74' lang='lat' dir='ltr'>Nonius</span> <span class='ocrx_word' id='word_1_199' title='bbox 1186 2058 1279 2085; x_wconf 83' lang='lat' dir='ltr'>uoce</span> <span class='ocrx_word' id='word_1_200' title='bbox 1302 2051 1423 2084; x_wconf 79' lang='lat' dir='ltr'>temu-</span> 
     </span>
    </p>
   </div>
   <div class='ocr_carea' id='block_1_5' title="bbox 201 2118 1423 2246">
    <p class='ocr_par' dir='ltr' id='par_1_11' title="bbox 201 2118 1423 2246">
     <span class='ocr_line' id='line_1_27' title="bbox 201 2118 424 2162; baseline -0.009 -1"><span class='ocrx_word' id='word_1_201' title='bbox 201 2120 339 2162; x_wconf 79' lang='lat' dir='ltr'>lienta.</span> <span class='ocrx_word' id='word_1_202' title='bbox 357 2119 382 2142; x_wconf 52' lang='grc' dir='ltr'>’κ</span> <span class='ocrx_word' id='word_1_203' title='bbox 399 2118 424 2142; x_wconf 54' lang='lat'>³⁶</span> 
     </span>
     <span class='ocr_line' id='line_1_28' title="bbox 261 2187 1423 2246; baseline -0.004 -13"><span class='ocrx_word' id='word_1_204' title='bbox 261 2192 286 2216; x_wconf 40' lang='grc' dir='ltr'><strong>ἦ</strong></span> <span class='ocrx_word' id='word_1_205' title='bbox 303 2192 328 2216; x_wconf 63' lang='lat'>⁹⁶</span> <span class='ocrx_word' id='word_1_206' title='bbox 344 2192 477 2246; x_wconf 88' lang='lat' dir='ltr'>Atque</span> <span class='ocrx_word' id='word_1_207' title='bbox 500 2191 619 2231; x_wconf 84' lang='lat' dir='ltr'>etiam</span> <span class='ocrx_word' id='word_1_208' title='bbox 643 2190 673 2230; x_wconf 90' lang='lat' dir='ltr'>si</span> <span class='ocrx_word' id='word_1_209' title='bbox 706 2203 783 2244; x_wconf 85' lang='lat' dir='ltr'>qua</span> <span class='ocrx_word' id='word_1_210' title='bbox 806 2199 891 2229; x_wconf 85' lang='lat' dir='ltr'>erat</span> <span class='ocrx_word' id='word_1_211' title='bbox 916 2187 1088 2238; x_wconf 74' lang='lat' dir='ltr'>famosa,</span> <span class='ocrx_word' id='word_1_212' title='bbox 1122 2189 1158 2228; x_wconf 92' lang='lat' dir='ltr'>ei</span> <span class='ocrx_word' id='word_1_213' title='bbox 1181 2188 1338 2243; x_wconf 82' lang='lat' dir='ltr'>cognati</span> <span class='ocrx_word' id='word_1_214' title='bbox 1360 2200 1423 2228; x_wconf 87' lang='lat' dir='ltr'>os-</span> 
     </span>
    </p>
   </div>
   <div class='ocr_carea' id='block_1_6' title="bbox 203 2260 1222 2315">
    <p class='ocr_par' dir='ltr' id='par_1_12' title="bbox 203 2260 1222 2315">
     <span class='ocr_line' id='line_1_29' title="bbox 203 2260 1222 2315; baseline -0.005 -10"><span class='ocrx_word' id='word_1_215' title='bbox 203 2265 338 2305; x_wconf 80' lang='lat' dir='ltr'>culum</span> <span class='ocrx_word' id='word_1_216' title='bbox 359 2277 437 2305; x_wconf 87' lang='lat' dir='ltr'>non</span> <span class='ocrx_word' id='word_1_217' title='bbox 459 2261 653 2304; x_wconf 81' lang='lat' dir='ltr'>ferebant.</span> <span class='ocrx_word' id='word_1_218' title='bbox 716 2260 771 2302; x_wconf 83' lang='lat' dir='ltr'><em>N</em></span> <span class='ocrx_word' id='word_1_219' title='bbox 768 2260 883 2302; x_wconf 69' lang='lat' dir='ltr'>onius</span> <span class='ocrx_word' id='word_1_220' title='bbox 905 2275 991 2302; x_wconf 84' lang='lat' dir='ltr'>uoc.</span> <span class='ocrx_word' id='word_1_221' title='bbox 1003 2260 1137 2315; x_wconf 82' lang='lat' dir='ltr'><em>fama.</em></span> <span class='ocrx_word' id='word_1_222' title='bbox 1155 2260 1180 2285; x_wconf 52' lang='grc' dir='ltr'>’κ</span> <span class='ocrx_word' id='word_1_223' title='bbox 1197 2260 1222 2284; x_wconf 43' lang='grc' dir='ltr'><strong>ἦ</strong></span> 
     </span>
    </p>
   </div>
  </div>
 </body>
</html>
