1611 2708
601 265 748 297 LIBER
787 266 858 297 111.
1248 249 1340 298 105

118 386 161 420 ut
182 392 288 418 nunc
310 378 409 418 ratio
432 377 552 431 cogit,
576 376 795 418 dicendum
829 383 890 416 est
917 374 1034 429 plane
1068 373 1217 414 nullam
1252 387 1342 415 esse

120 465 207 490 rem
229 450 447 504 publicam.

180 522 365 563 XXXII.
409 521 626 562 Praeclare
650 520 812 575 quidem
837 520 950 570 dicis,
969 519 1133 560 Laelius
1152 534 1163 570 ;
1195 519 1344 559 etenim

123 594 243 634 uideo
264 594 343 633 iam
367 606 445 646 quo
461 601 603 646 pergat
623 592 764 631 oratio.
811 589 857 631 S.
881 590 1011 630 Uides
1032 590 1148 643 igitur
1170 604 1220 629 ne
1238 589 1344 629 illam

123 664 286 718 quidem
310 677 412 717 quae
434 672 516 703 tota
538 663 585 702 sit
602 663 640 702 in
664 661 845 702 factionis
871 669 1083 715 potestate,
1106 673 1224 714 posse
1248 672 1344 699 uere

121 735 202 776 dici
224 749 310 775 rem
332 734 548 789 publicam.
601 732 656 774 L.
683 733 752 774 Sic
774 733 892 788 plane
907 731 1056 772 iudico.
1109 729 1158 770 ¹S.
1184 729 1241 771 Et
1256 744 1347 770 rec—

121 806 274 846 tissime
293 806 456 860 quidem
478 805 632 846 iudicas
650 819 659 844 :
682 818 785 858 quae
804 804 911 844 enim
934 802 1006 843 fuit
1026 811 1111 842 tum
1125 802 1348 842 Athenien-

120 878 226 917 sium
259 891 337 926 res,
363 890 457 930 qum
489 885 580 931 post
611 890 800 929 magnum
834 873 930 914 illud
964 872 1349 928 peloponnesiacum

122 948 273 988 bellum
295 947 451 1001 triginta
474 947 546 987 uiri
568 947 621 986 illi
655 947 743 987 urbi
778 946 1032 986 iniustissime
1054 941 1347 999 praefuerunt?

120 1032 219 1058 num
241 1027 309 1058 aut
331 1027 445 1058 uetus
480 1017 604 1072 gloria
637 1017 822 1067 ciuitatis,
847 1026 913 1057 aut
948 1016 1106 1070 species
1142 1014 1353 1070 praeclara

125 1089 276 1143 oppidi,
300 1098 366 1128 aut
399 1089 612 1139 theatrum,
636 1089 857 1143 gymnasia,
887 1088 1078 1142 porticus,
1102 1096 1169 1127 aut
1202 1100 1352 1140 propy-

125 1161 215 1200 laea
236 1161 395 1210 nobilia,
412 1169 480 1200 aut
496 1175 582 1210 arx,
598 1169 665 1200 aut
687 1160 921 1200 admiranda
937 1174 1061 1213 opera
1083 1158 1270 1208 Phidiae,
1286 1165 1355 1197 aut

126 1231 298 1272 Piraeus
319 1232 385 1272 ille
408 1232 644 1286 magnificus
665 1245 751 1271 rem
788 1231 991 1286 publicam
1009 1228 1240 1270 efficiebat?
1274 1227 1356 1268 Mi-

127 1305 233 1345 nime
257 1318 369 1354 uero‚
393 1304 585 1355 Laelius;
619 1303 805 1358 quoniam
842 1302 1003 1356 quidem
1031 1300 1167 1355 populi
1189 1314 1254 1339 res
1275 1313 1355 1339 non

129 1385 227 1418 erat.
293 1374 339 1415 S.
359 1374 471 1423 Quid
491 1388 585 1429 qum
604 1375 749 1414 decem
771 1373 844 1413 uiri
868 1372 1027 1413 Romae
1052 1372 1135 1412 sine
1158 1384 1356 1425 prouoca-

130 1448 236 1488 tione
260 1446 431 1496 fuerunt,
454 1447 570 1486 tertio
592 1445 658 1485 illo
681 1459 798 1493 anno,
822 1458 915 1483 cum
942 1443 1137 1482 uindicias
1160 1441 1358 1481 amisisset

129 1519 215 1572 ipsa
236 1518 397 1558 libertas
415 1517 431 1558 ?
493 1516 549 1556 L.
581 1515 727 1570 Populi
749 1515 856 1555 nulla
879 1528 943 1554 res
966 1522 1051 1553 erat
1071 1528 1082 1564 3
1114 1512 1238 1552 immo
1259 1524 1358 1552 uero

130 1589 169 1631 id
191 1589 362 1643 populus
385 1589 478 1643 egit,
502 1598 544 1628 ut
565 1602 651 1627 rem
675 1601 788 1627 suam
810 1594 1085 1640 recuperaret.

194 1659 400 1700 XXXIII.
448 1658 493 1699 S.
517 1659 651 1698 Uenio
673 1673 778 1698 nune
802 1658 851 1697 ad
869 1657 1029 1697 tertium
1052 1670 1178 1709 genus
1199 1655 1295 1695 illud
1318 1655 1357 1695 in

133 1744 212 1784 quo
234 1743 322 1770 esse
350 1730 592 1770 uidebuntur
627 1727 793 1768 sortasse
828 1728 1048 1781 angustiae,
1073 1741 1165 1780 qum
1192 1740 1264 1780 per
1285 1740 1358 1779 po-

132 1802 270 1856 pulum
294 1802 355 1854 agi
379 1801 562 1841 dicuntur
586 1809 626 1840 et
647 1813 735 1839 esse
759 1799 797 1838 in
820 1799 955 1853 populi
977 1807 1173 1852 potestate
1196 1797 1358 1847 omnia3

133 1887 229 1927 qum
253 1873 302 1913 de
327 1885 584 1926 quoqumque
608 1871 691 1911 uolt
712 1870 951 1925 supplicium
986 1869 1104 1909 sumit
1132 1868 1359 1917 multitudo,

135 1960 231 2000 qum
269 1953 403 1998 agunt,
427 1944 596 1998 rapiunt,
633 1950 780 1991 tenent,
816 1941 1007 1994 dissipant
1048 1953 1150 1993 quae
1192 1938 1330 1978 uolunt
1348 1952 1362 1989 3

134 2024 302 2071 potesne
324 2025 423 2064 tum,
446 2013 578 2064 Laeli,
600 2027 748 2067 negare
783 2026 869 2052 rem
904 2025 992 2051 esse
1027 2010 1134 2051 illam
1157 2009 1360 2064 publicam

136 2099 231 2140 qum
253 2085 388 2138 populi
412 2085 486 2125 sint
507 2084 654 2133 omnia,
683 2083 868 2136 quoniam
904 2082 1065 2135 quidem
1100 2080 1236 2135 populi
1270 2093 1359 2120 esse

136 2171 222 2196 rem
244 2156 429 2196 uolumus
450 2170 536 2195 rem
558 2155 760 2209 publicam
779 2153 794 2194 ?
856 2154 966 2193 Tum
1001 2153 1180 2201 Laelius,
1205 2166 1250 2191 ac
1273 2151 1361 2190 nul-

138 2228 216 2268 lam
242 2227 403 2281 quidem
426 2227 541 2267 citius
563 2225 793 2280 negauerim
811 2240 889 2265 esse
911 2239 996 2265 rem
1018 2224 1220 2278 publicam
1243 2237 1361 2278 quam

140 2313 240 2358 quae
262 2307 343 2341 tota
364 2297 415 2338 sit
438 2296 478 2338 in
499 2296 767 2338 multitudinis
782 2303 979 2352 potestate
998 2311 1010 2336 :
1036 2294 1162 2351 plane
1184 2302 1227 2335 ut
1248 2294 1362 2336 nobis
