1611 2708
674 259 819 291 mssER
858 259 887 289 1.
1335 240 1393 288 15

175 365 225 412 P.
249 370 423 412 Rutilius
444 370 633 418 uenisset,
653 369 718 422 qui
741 378 801 409 est
821 368 934 408 nobis
955 367 1085 407 lautus
1108 365 1303 405 sermonis
1326 379 1396 405 au-

173 452 259 482 ctor
281 445 306 464 ‘⁶
323 455 414 480 eum
450 453 608 493 quoque
644 448 686 478 ut
720 439 917 488 salutauit,
941 447 1105 492 propter
1130 436 1396 477 Tuberonem

174 513 284 553 iussit
313 510 542 551 adsidere.”
605 510 716 550 Tum
749 506 910 558 Furius,
927 509 1020 562 quid
1040 523 1112 549 uos
1130 507 1270 562 agitis?
1298 521 1395 547 num

175 596 403 624 sermonem
425 590 601 621 vestrum
632 580 806 633 aliquem
842 580 1000 619 diremit
1033 589 1167 619 noster
1201 579 1403 619 interuen—

174 653 268 694 tus?
331 653 499 693 Minime
534 666 645 701 uero,
670 650 910 701 Africanus3
944 650 1048 690 soles
1076 650 1182 689 enim
1217 659 1258 689 tu
1297 650 1404 689 haec

178 724 354 764 studiose
377 723 616 776 inuestigare
648 735 749 775 quae
781 731 870 761 sunt
898 721 935 760 in
969 721 1046 760 hoc
1070 734 1233 774 genere,
1250 720 1301 759 de
1326 733 1404 773 quo

177 795 398 834 instituerat
418 794 538 848 paulo
553 802 642 833 ante
657 793 824 833 Tubero
844 805 1053 846 quaerere.
1117 791 1294 831 Rutilius
1318 791 1406 844 qui-

179 864 274 905 dem
295 873 429 904 noster
451 864 571 904 etiam
594 864 666 904 sub
689 863 783 918 ipsis
806 861 1051 903 Numantiae
1073 863 1284 903 moenibus
1302 861 1406 902 sole-

177 935 247 976 bat
281 949 443 975 mecum
480 935 680 975 interdum
718 935 914 975 eiusmodi
957 935 1106 988 aliquid
1143 935 1397 988 conquirere.

179 1005 301 1054 Quae
338 1021 403 1047 res
438 1007 602 1047 tandem
639 1007 848 1057 inciderat,
882 1007 1020 1060 inquid
1059 1005 1231 1046 Philus?
1293 1005 1404 1046 Tum

181 1073 261 1128 ille,
284 1078 335 1118 de
359 1079 506 1119 solibus
528 1079 609 1119 istis
633 1079 802 1129 duobus,
827 1078 877 1118 de
901 1092 980 1132 quo
1014 1078 1171 1127 studeo,
1195 1077 1328 1127 Phile,
1353 1091 1405 1117 ex

181 1159 220 1190 te
244 1150 382 1190 audire
407 1150 501 1203 quid
525 1151 685 1191 sentias.
708 1152 723 1157 ”

242 1219 339 1260 XII.
394 1220 566 1261 Dixerat
587 1221 663 1261 hoc
682 1221 760 1270 ille,
776 1235 870 1261 cum
892 1235 993 1275 puer
1012 1222 1248 1261 “nuntiauit
1270 1222 1409 1262 uenire

184 1293 234 1335 ad
270 1307 363 1332 eum
397 1292 598 1342 Laelium,
616 1294 817 1346 domoque
852 1294 931 1333 iam
959 1294 1136 1334 exisse.”
1188 1294 1298 1334 Tum
1324 1295 1414 1335 Sci-

181 1364 262 1417 pio,
279 1363 426 1402 calceis
449 1372 489 1402 et
511 1363 758 1402 uestimentis
781 1365 933 1413 sumtis,
953 1378 974 1403 e
993 1365 1179 1404 cubiculo
1199 1374 1258 1405 est
1276 1380 1412 1419 egres·-

184 1448 278 1485 Sus;
310 1443 350 1473 et
371 1448 463 1473 cum
485 1433 691 1487 paululum
713 1434 1041 1475 inambulauisset
1057 1435 1096 1475 in
1113 1436 1284 1489 portien,
1303 1436 1412 1477 Lae-

182 1506 279 1545 lium
302 1505 584 1544 advenientem
607 1504 802 1554 salutavit,
827 1514 866 1544 et
888 1519 972 1555 eos,
998 1506 1063 1559 qui
1098 1521 1177 1546 una
1203 1517 1413 1558 uenerant,

187 1576 378 1630 Spurium
400 1575 657 1625 Mummium,
682 1589 803 1629 quem
837 1576 876 1615 in
909 1576 1047 1629 primis
1070 1577 1274 1630 diligebat,
1299 1587 1338 1618 et
1361 1577 1414 1618 C.

185 1646 400 1696 Fannium,
417 1656 457 1687 et
478 1646 675 1706 Quintum
700 1647 958 1697 Scaeuolam,
974 1662 1144 1701 generos
1167 1647 1298 1699 Laeli,
1318 1649 1416 1689 doc-

186 1728 248 1758 tos
282 1708 577 1767 adulescentes,
600 1718 678 1757 iam
714 1727 844 1758 aetate
883 1719 1129 1772 quaestorios
1147 1733 1156 1757 t
1190 1733 1288 1773 quos
1323 1734 1417 1760 cum

188 1788 318 1828 omnis
342 1787 607 1838 salutauisset,
629 1789 827 1828 conuertit
849 1803 891 1828 se
914 1789 952 1828 in
981 1789 1137 1843 porticu
1172 1799 1212 1829 et
1245 1791 1419 1831 coniecit

187 1860 226 1900 in
248 1859 428 1898 medium
452 1857 665 1898 Laelium:
698 1858 769 1899 fuit
791 1860 897 1899 enim
919 1860 996 1900 hoe
1030 1861 1069 1900 in
1105 1861 1277 1901 amicitia
1305 1863 1417 1916 quasi

187 1929 392 1984 quoddam
414 1929 475 1969 ius
496 1930 598 1969 inter
631 1930 731 1980 illos,
755 1939 797 1970 ut
829 1930 991 1970 militiae
1025 1941 1188 1985 propter
1223 1933 1415 1973 eximiam

187 2000 281 2041 belli
298 2000 464 2054 gloriam
478 1999 714 2041 Africanum
748 2011 790 2041 ut
819 2002 940 2042 deum
959 2002 1112 2043 coleret
1129 2002 1322 2055 Laelius;
1345 2005 1417 2045 do·-

188 2072 243 2111 mi
265 2072 441 2113 uicissim
463 2071 664 2123 Laelium,
688 2073 796 2127 quod
819 2082 948 2114 aetate
968 2075 1248 2126 antecedebat,
1271 2076 1411 2116 obser-

190 2152 304 2184 uaret
324 2144 363 2183 in
384 2144 561 2198 parentis
582 2144 673 2185 loco
698 2144 850 2199 Scipio.
914 2144 1023 2186 Dein
1045 2161 1139 2187 cum
1171 2156 1305 2187 essent
1324 2161 1418 2201 per-

190 2228 321 2269 pauca
341 2214 442 2254 inter
464 2228 506 2255 se
529 2229 608 2256 uno
631 2230 679 2256 an
703 2216 827 2256 altero
849 2217 976 2271 spatio
998 2218 1212 2267 conlocuti,
1233 2218 1411 2272 Scipioni

192 2299 270 2344 quo
296 2300 437 2327 eorum
470 2286 665 2328 aduentus
687 2287 959 2343 periucundus
981 2298 1021 2330 et
1042 2298 1250 2343 pergratus
1273 2288 1408 2330 fuisset
