1611 2708
697 266 844 304 Llssnn
882 263 913 303 i.
1359 253 1415 298 41

241 377 357 426 XLI.
380 415 388 425 .
411 415 420 426 .
443 416 452 425 .
476 385 578 426 iusto
602 383 766 439 quidem
790 396 886 437 rege
909 396 1002 424 cum
1026 390 1087 422 est
1107 379 1280 436 populus
1303 379 1422 419 orba-

180 469 259 508 tus,
283 459 386 499 sicut
409 458 462 497 ait
484 456 654 506 Ennius,
678 464 768 510 post
790 455 929 509 optimi
952 454 1058 508 regis
1080 452 1233 494 obitum

184 529 361 571 Pectora
383 522 449 569 dia
469 536 580 568 tenet
602 526 849 568 desiderium
867 540 878 577 3
901 526 1017 566 simul
1040 526 1142 566 inter

182 603 284 644 Sese
308 601 365 643 sic
387 608 628 650 memorant,
651 613 675 640 o
698 598 877 640 Romule
901 597 1080 638 Romule
1104 596 1169 638 die

181 674 361 725 Qualem
382 684 422 716 te
444 674 597 729 patriae
621 672 833 714 custodem
853 671 892 712 di
915 673 1166 726 genuerunt!

182 747 221 789 Ο
243 757 356 803 pater
375 749 383 789 !
417 761 440 787 0
463 746 643 801 genitor!
677 759 701 785 o
724 758 904 798 sanguen
927 741 987 784 dis
1009 743 1225 783 oriundum
1244 736 1274 784 !'

180 819 276 861 Non
300 833 390 860 eros
422 832 498 859 nec
535 817 718 858 dominos
751 815 1007 871 appellabant
1041 829 1112 855 eos
1145 814 1288 869 quibus
1320 816 1422 856 iusto

180 901 426 947 paruerunt:
459 891 635 946 denique
657 904 708 931 ne
731 904 849 945 reges
873 889 1064 944 quidem3
1093 899 1153 930 set
1173 889 1327 944 patriae
1351 903 1422 930 cu-

181 964 332 1014 stodes,
367 973 429 1004 set
460 972 596 1018 patres
618 971 659 1003 et
690 962 803 1003 deos.
867 959 961 1003 Nec
985 962 1069 1003 sine
1104 976 1242 1003 causa.
1307 960 1423 1009 Quid

182 1037 289 1077 enim
312 1034 564 1090 adiungunt?

181 1107 249 1149 Tu
270 1108 497 1163 produxisti
518 1122 591 1148 nos
613 1107 714 1146 intra
735 1105 894 1147 luminis
916 1120 1022 1146 oras.

180 1179 334 1230 Uitam,
370 1179 582 1229 honorem,
607 1178 733 1219 decus
767 1178 840 1218 sibi
864 1177 1001 1218 datum
1025 1191 1114 1218 esse
1149 1177 1295 1218 iustitia
1316 1178 1423 1231 regis

188 1251 487 1292 existimabant.
551 1249 770 1290 Mansisset
804 1248 950 1289 eadem
991 1250 1174 1289 uoluntas
1208 1249 1246 1289 in
1282 1263 1422 1289 eorum

182 1318 368 1378 posteris,
402 1322 433 1363 si
461 1336 604 1376 regum
628 1321 843 1362 similitudo
865 1321 1179 1375 permansisset:
1212 1321 1284 1361 sed
1306 1321 1423 1361 uides

182 1395 298 1434 unius
320 1394 508 1434 iniustitia
540 1392 766 1434 concidisse
798 1406 924 1446 genus
947 1392 1031 1433 illut
1062 1402 1189 1433 totum
1211 1393 1269 1432 rei
1291 1393 1422 1447 publi-

182 1479 271 1507 cae.
335 1464 390 1505 L,
423 1464 560 1505 Uideo
595 1478 708 1515 uero,
741 1463 867 1519 inquit
899 1473 939 1504 et
974 1464 1118 1505 studeo
1152 1479 1292 1505 cursus
1327 1465 1422 1506 istos

182 1537 446 1578 mutationum
463 1551 543 1577 non
565 1536 692 1591 magis
724 1536 763 1576 in
784 1544 919 1577 nostra
942 1549 1062 1591 quam
1095 1536 1134 1577 in
1156 1537 1263 1577 omni
1286 1550 1329 1577 re
1346 1551 1421 1592 pu-

181 1610 285 1651 blica
307 1624 493 1651 noscere.

241 1681 379 1723 XLII.
414 1681 471 1722 Et
495 1681 649 1736 Scipio,
685 1691 745 1722 est
781 1681 944 1721 omnino
979 1696 1072 1722 cum
1108 1682 1159 1722 de
1182 1682 1248 1723 illo
1271 1697 1420 1737 genere

183 1754 240 1795 rei
262 1754 464 1809 publicae,
488 1754 595 1809 quod
617 1754 794 1794 maxime
821 1754 962 1809 probo,
987 1769 1089 1809 quae
1113 1755 1239 1796 sentio
1263 1756 1419 1808 dixero,

184 1826 410 1867 accuratius
441 1826 510 1866 tibi
543 1826 760 1866 dicendum
791 1826 841 1866 de
874 1827 1252 1869 commutationibus
1283 1843 1419 1869 rerum

181 1897 462 1953 publicarum3
497 1897 569 1938 esti
603 1898 766 1938 minime
789 1896 907 1938 facile
942 1913 1012 1939 eas
1048 1899 1088 1939 in
1123 1913 1171 1940 ea
1192 1914 1235 1940 re
1257 1901 1421 1955 publica

183 1969 334 2012 futuras
368 1980 479 2025 puto.
546 1970 630 2011 Sed
653 1970 770 2011 huius
803 1971 938 2025 regiae
970 1972 1100 2026 prima
1122 1981 1162 2012 et
1195 1973 1419 2014 certissima

184 2052 245 2083 est
265 2043 331 2084 illa
351 2043 532 2084 mutatio.
596 2043 704 2084 Cum
726 2058 800 2084 rex
829 2044 995 2086 iniustus
1018 2059 1106 2086 esse
1130 2047 1323 2101 coeperit,
1344 2061 1418 2101 pe-

184 2115 233 2155 rit
253 2115 338 2156 illut
357 2115 448 2156 ilico
471 2129 611 2170 genus,
645 2125 685 2156 et
707 2125 767 2157 est
788 2115 898 2157 idem
920 2116 986 2158 ille
1017 2127 1223 2172 tyrannus,
1248 2118 1418 2159 deterri-

183 2202 295 2228 mum
332 2202 458 2243 genus
491 2199 531 2231 et
551 2189 760 2231 finitimum
782 2191 961 2246 optimo:
994 2206 1115 2246 quem
1139 2193 1169 2233 si
1203 2193 1416 2247 optimates

154 2280 157 2283 ·
184 2270 483 2315 oppresserunt,
519 2262 627 2317 quod
661 2261 788 2304 ferme
832 2264 980 2316 euenit,
1014 2265 1136 2305 habet
1172 2274 1317 2306 statum
1351 2281 1417 2308 res

184 2333 346 2388 publica
367 2333 418 2376 de
440 2333 564 2376 tribus
582 2334 893 2378 secundarium:
916 2345 977 2378 est
998 2336 1104 2379 enim
1127 2338 1238 2393 quasi
1260 2338 1415 2395 regium

595 2410 621 2449 4
637 2406 663 2433 a
