1611 2708
696 221 843 253 LIBER
880 220 946 252 vl.
1352 199 1442 245 135

213 353 360 393 magna
400 338 439 378 in
472 335 704 393 parentibus
746 343 787 375 et
818 330 1067 389 propinquis,
1109 338 1194 368 tum
1237 326 1276 366 in
1317 325 1446 379 patria

213 414 392 455 maxima
433 421 519 452 est:
542 424 591 451 ea
631 409 713 449 uita
734 409 800 448 uia
822 416 883 448 est
916 406 955 446 in
977 403 1152 453 caelum,
1191 408 1231 440 et
1266 399 1305 439 in
1338 398 1443 437 hum·

213 495 378 528 coetum
413 497 568 533 eorum,
605 482 671 537 qui
709 481 787 521 iam
822 480 1024 527 uixerunt,
1057 484 1098 516 et
1130 485 1301 528 corpore
1323 470 1443 511 laxati

212 558 324 598 illum
346 555 524 597 incolunt
544 554 694 603 locum,
719 566 841 607 quem
863 550 995 591 uides.

270 626 387 668 XVI.
422 626 525 668 Erat
557 636 692 667 autem
714 625 746 666 is
778 622 1105 678 splendidissimo
1128 619 1306 661 candore
1344 618 1446 657 inter

210 700 394 741 flammas
416 699 549 740 circus
568 698 748 747 elucens,
773 710 894 750 quem
917 709 1004 745 uos,
1027 703 1070 735 ut
1088 709 1111 734 a
1133 692 1267 733 Graiis
1285 689 1448 743 aceepi-

211 771 294 821 stis,
332 771 473 812 orbem
495 771 672 812 lacteum
705 768 972 823 nuncupatis:
1005 781 1058 807 ex
1082 780 1161 821 quo
1195 765 1330 806 omnia
1351 761 1449 802 mihi

211 843 499 897 contemplanti
522 842 734 897 praeclara
754 849 892 882 cetera
915 849 955 880 et
972 839 1169 881 mirabilia
1191 837 1447 878 uidebantur.

211 913 341 954 Erant
363 922 497 954 autem
521 927 595 954 eae
619 898 772 963 stellae,
808 927 907 968 quas
928 925 1150 965 numquam
1183 925 1236 951 ex
1258 910 1336 950 hoc
1358 909 1449 949 loeo

210 985 386 1026 uidimus
406 1000 415 1025 ε
453 994 493 1026 et
536 999 610 1026 eae
654 984 952 1040 magnitudines
986 983 1180 1032 omnium,
1217 996 1317 1037 quas
1360 993 1449 1020 esse

211 1071 433 1112 numquam
472 1057 661 1111 suspicati
694 1071 858 1098 sumus:
891 1070 945 1097 ex
978 1055 1122 1110 quibus
1155 1063 1240 1095 erat
1273 1054 1340 1094 illa
1376 1052 1451 1093 mi-

213 1129 335 1179 nima,
370 1142 473 1183 quae
496 1128 636 1168 ultima
670 1127 802 1178 caelo,
838 1128 973 1167 citima
1009 1127 1141 1176 terris,
1164 1127 1256 1166 luee
1291 1125 1453 1166 lucebat

212 1201 357 1241 aliena.
423 1200 639 1240 Stellarum
674 1208 810 1239 autem
834 1199 939 1253 globi
976 1208 1109 1239 terrae
1133 1198 1452 1252 magnitudinem

211 1271 330 1312 facile
354 1272 586 1313 uincebant.
650 1271 737 1312 Iam
772 1272 859 1325 ipsa
881 1280 990 1311 terra
1012 1271 1064 1310 ita
1086 1270 1184 1310 mihi
1218 1284 1344 1325 parua
1367 1270 1453 1311 uisa

212 1352 286 1395 est,
309 1353 353 1384 ut
374 1358 439 1384 me
472 1344 630 1398 imperii
652 1343 790 1394 nostri,
815 1357 894 1398 quo
928 1343 1040 1398 quasi
1063 1352 1259 1399 punctum
1282 1342 1369 1384 eius
1392 1352 1451 1384 at-

209 1416 412 1470 tingimus,
435 1417 675 1471 paeniteret.

268 1485 407 1527 XVII.
443 1487 581 1534 Quam
605 1502 699 1527 cum
734 1489 862 1542 magis
896 1489 1087 1539 intuerer,
1124 1503 1289 1543 quaeso,
1325 1489 1453 1544 inquit

212 1557 440 1608 Africanus,
465 1573 675 1614 quousque
691 1560 802 1600 humi
826 1561 964 1601 defixa
985 1570 1051 1601 tua
1070 1575 1186 1602 mens
1209 1561 1317 1602 erit?
1351 1577 1449 1603 non-

210 1644 260 1670 ne
284 1630 474 1685 adspicis,
499 1645 602 1685 quae
626 1632 664 1671 in
679 1632 830 1686 templa
854 1633 1047 1673 ueneris?
1080 1648 1228 1674 nouem
1252 1634 1321 1675 tibi
1343 1636 1450 1676 orbi-

211 1703 285 1743 bus
319 1702 386 1742 uel
423 1703 555 1757 potius
589 1704 716 1757 globis
739 1718 926 1744 connexa
959 1714 1049 1745 sunt
1085 1706 1247 1746 onmia:
1280 1721 1450 1761 quorum

211 1788 313 1814 unus
336 1784 398 1814 est
433 1775 634 1825 caelestis,
674 1777 863 1827 extimus,
900 1777 966 1832 qui
988 1778 1165 1833 reliquos
1199 1780 1329 1820 omnis
1351 1795 1449 1822 con-

211 1845 413 1900 plectitur,
437 1861 617 1887 summus
634 1848 720 1902 ipse
740 1847 870 1899 Deus,
895 1863 1038 1891 arcens
1053 1860 1093 1891 et
1115 1852 1324 1893 continens
1338 1863 1450 1894 cete—

211 1933 304 1960 ros:
336 1919 375 1959 in
411 1934 489 1974 quo
521 1921 633 1961 infixi
671 1931 762 1962 sunt
783 1922 850 1973 illi,
888 1925 954 1978 qui
978 1924 1206 1977 uoluuntur,
1243 1928 1448 1969 stellarum

210 2004 351 2032 cursus
373 1992 633 2046 sempiterni:
665 1994 730 2033 eui
754 1994 922 2035 subiecti
946 2006 1037 2037 sunt
1059 2008 1230 2052 septem,
1266 2000 1331 2054 qui
1355 2016 1447 2041 uer-

211 2071 347 2103 santur
369 2072 476 2103 retro
508 2066 708 2106 contrario
730 2075 841 2108 motu
875 2077 994 2122 atque
1018 2070 1175 2110 caelum
1194 2086 1205 2122 3
1229 2085 1280 2111 ex
1306 2073 1449 2126 quibus

212 2148 337 2174 unum
359 2135 522 2189 globum
553 2137 734 2191 possidet
754 2138 834 2189 illa,
859 2153 979 2194 quam
1002 2141 1040 2181 in
1075 2143 1191 2182 terris
1215 2142 1445 2185 Saturniam

208 2206 429 2247 nominant.
493 2207 698 2250 “Deinde
733 2219 794 2250 est
826 2211 1034 2252 hominum
1057 2214 1195 2267 generi
1228 2229 1447 2270 prosperus

212 2286 251 2322 et
274 2278 483 2321 salutaris”
505 2279 572 2322 ille
595 2279 738 2336 fulgor,
778 2283 844 2339 qui
868 2284 1012 2325 dicitur
1033 2284 1168 2328 Iouis:
1200 2296 1285 2330 tum
1307 2289 1447 2330 rutilus
