1611 2708
169 206 232 252 32
585 220 646 252 DE
684 221 746 252 RE
784 221 991 252 PvssLch

166 330 218 371 da
252 331 356 383 sint3
389 339 428 370 et
462 343 564 384 quae
602 330 675 385 ipsi
707 344 785 371 non
816 330 977 381 habent,
1000 329 1106 370 unde
1140 330 1188 370 ali
1220 341 1385 386 petunt:

163 411 256 442 sunt
293 403 402 443 enim
440 410 629 456 expertes
665 402 833 457 imperii,
868 402 1020 443 consilii
1057 402 1218 456 publici,
1252 403 1386 443 iudicii

166 473 417 514 delectorum
459 473 664 524 iudicum3
697 488 799 528 quae
842 473 1080 514 familiarum
1123 474 1387 515 uetustatibus

163 554 230 584 aut
252 545 419 598 peeunis
440 545 725 599 ponderantur.
788 544 833 585 In
856 545 982 585 libero
1005 555 1138 586 autem
1160 545 1322 600 populo,
1346 554 1387 585 ut

163 615 314 667 Rhodi,
338 625 380 658 ut
400 617 585 667 Athenis,
604 631 723 657 nemo
746 625 806 657 est
827 617 976 656 ciuium
999 617 1065 671 qui
1090 647 1243 657 .....

516 733 749 763 Desiderantur
772 733 910 772 paginae
934 733 1027 762 duae.

220 834 404 877 XXXII.
432 867 440 876 .
468 867 476 876 .
504 866 512 875 .
530 835 685 890 populo
708 835 848 890 aliquis
875 849 975 876 unus
1008 834 1195 890 pluresue
1227 835 1383 877 diuitio-

160 923 224 950 res
260 908 611 963 opulentioresque
636 907 871 957 extitissent,
901 916 985 947 tum
1022 920 1073 946 ex
1112 920 1250 947 eorum
1274 906 1381 947 sasti-

160 981 227 1021 dio
250 989 289 1020 et
323 980 511 1034 superbia
544 987 636 1019 nata
671 993 759 1019 esse
794 967 1125 1028 commemorant,
1149 978 1385 1019 cedentibus

160 1053 313 1105 ignauis
336 1062 375 1092 et
396 1051 605 1100 inbecillis,
630 1052 677 1090 et'
703 1050 958 1104 adrogantiae
998 1049 1163 1089 diuitum
1198 1064 1384 1090 succum-

158 1124 357 1164 bentibus.
424 1123 466 1164 Si
501 1137 598 1163 uero
633 1123 692 1162 ius
723 1136 838 1162 suum
871 1121 1007 1175 populi
1040 1130 1215 1171 teneant,
1238 1131 1385 1175 negant

160 1195 373 1249 quicquam
398 1208 486 1234 esse
509 1193 787 1248 praestantius,
809 1192 985 1241 liberius,
1019 1192 1174 1232 beatius
1194 1207 1202 1231 ε
1237 1193 1383 1246 quippe

160 1265 225 1319 qui
264 1265 413 1305 domini
434 1261 524 1305 ”sint
560 1265 709 1318 legum,
744 1263 996 1313 iudiciorum,
1019 1263 1126 1313 belli,
1150 1263 1275 1316 pacis,
1299 1262 1385 1303 foe-

159 1337 315 1386 derum,
332 1336 472 1391 capitis
494 1334 821 1388 uniuscuiusque,
844 1334 1056 1388 pecuniae.
1121 1333 1241 1374 Hanc
1264 1348 1384 1374 unam

156 1408 228 1448 rite
252 1422 337 1448 rem
359 1407 576 1461 publicam,
596 1406 635 1445 id
659 1415 718 1445 est
739 1419 824 1444 rem
847 1404 997 1458 populi,
1017 1404 1206 1458 appellari
1229 1414 1380 1459 putant.

156 1478 297 1533 Itaque
321 1488 360 1518 et
383 1492 405 1518 a
427 1492 567 1532 regum
592 1485 629 1517 et
654 1491 675 1516 a
697 1485 854 1530 patrum
890 1476 1158 1516 dominatione
1192 1476 1321 1516 solere
1345 1477 1382 1516 in

155 1551 381 1590 libertatem
403 1563 489 1589 rem
511 1549 647 1603 populi
671 1548 879 1597 uindicari,
897 1562 974 1587 non
999 1562 1050 1588 ex
1088 1548 1221 1589 liberis
1254 1563 1381 1603 popu-

155 1623 202 1662 lis
224 1636 341 1676 reges
374 1621 535 1675 requiri,
560 1630 627 1660 aut
659 1629 898 1674 potestatem
934 1629 1053 1672 atque
1083 1634 1182 1673 opes
1213 1620 1381 1673 optima—

154 1694 267 1734 tium.
332 1692 387 1733 Et
410 1706 507 1732 uero
528 1702 676 1746 negant
697 1700 882 1745 oportere
906 1690 1084 1730 indomiti
1119 1691 1255 1745 populi
1287 1691 1382 1732 uitio

154 1779 281 1819 genus
318 1764 395 1805 hoc
433 1752 559 1804 totum
596 1763 709 1803 liberi
746 1763 883 1817 populi
926 1763 1158 1816 repudiari:
1191 1763 1382 1803 concordi

154 1836 316 1891 populo,
341 1845 380 1876 et
401 1836 534 1876 omnia
557 1834 746 1874 referenti
781 1835 830 1874 ad
865 1835 1179 1874 incolumitatem
1203 1844 1242 1874 ct
1265 1834 1314 1874 ad
1337 1834 1382 1874 li-

152 1909 350 1948 bertatem
374 1922 501 1957 suam,
525 1907 619 1946 nihil
643 1920 731 1946 esse
762 1905 1060 1955 immutabilius,
1083 1905 1178 1945 nihil
1213 1904 1376 1944 firmius.
1430 1910 1436 1912 ”

154 1983 179 2002 “
197 1978 450 2020 Facillimam
474 1988 609 2018 autem
632 1979 670 2017 in
686 1992 733 2017 ea
756 1992 798 2017 re
821 1977 981 2032 publica
999 1990 1087 2016 esse
1103 1962 1378 2025 concordiam,

151 2051 189 2092 in
214 2065 291 2105 qua
313 2051 421 2091 idem
445 2051 645 2090 conducat
680 2048 918 2089 omnibus:”
952 2063 1003 2088 ex
1042 2048 1216 2087 utilitatis
1250 2047 1398 2102 uarie-7

151 2123 311 2172 tatibus,
330 2137 422 2163 cum
447 2122 517 2162 alis
536 2122 631 2162 aliut
653 2122 857 2175 expediat,
877 2121 986 2160 nasci
1002 2120 1237 2160 discordias.
1301 2120 1379 2160 Ita-

153 2208 230 2247 que
261 2208 353 2234 cum
388 2203 521 2248 patres
556 2208 690 2233 rerum
725 2193 958 2247 potirentur,
981 2207 1199 2246 numquam
1233 2192 1377 2232 consti·

150 2266 244 2305 iisse
268 2266 438 2305 ciuitatis
461 2275 619 2306 statutt).
685 2264 813 2306 Multa
848 2265 925 2305 iam
956 2265 995 2305 id
1018 2265 1057 2305 111
1080 2265 1211 2319 regnis
1233 2264 1376 2313 minus,

152 2352 335 2392 quorum,
355 2347 396 2378 ut
420 2338 471 2378 ait
495 2337 664 2387 Ennius,
