1611 2708
188 220 251 266 54
597 238 660 267 DE
697 237 759 268 m:
796 237 1004 269 PvssLicA

190 344 297 386 Nam
316 355 356 385 et
376 346 474 400 ipse,
493 344 599 399 quod
621 345 858 399 principium
879 346 937 386 rei
958 346 1143 401 publicae
1167 342 1262 397 suits
1266 348 1405 389 urbem

190 418 367 458 condidit
403 417 622 471 auspicato,
647 426 686 457 et
718 418 901 458 omnibus
938 418 1107 472 publicis
1143 418 1263 459 rebus
1301 418 1408 458 insti-

190 490 360 539 tuendis,
376 490 441 543 qui
464 489 535 529 sibi
557 498 690 530 essent
712 489 749 529 in
773 490 958 544 auspiciis
973 505 1026 531 ex
1048 490 1210 558 singulis
1231 490 1410 530 tribubus

190 561 363 614 singulos
384 560 587 615 cooptauit
608 575 779 615 augures
796 576 805 601 ε
836 571 875 602 et
895 562 1031 602 habuit
1052 563 1213 616 plebem
1231 562 1268 601 in
1287 561 1411 601 clien-

191 632 290 673 telas
310 632 533 687 principum
552 634 822 687 descriptam3
849 634 954 688 quod
978 644 1148 688 quantae
1171 633 1289 673 suerit
1310 632 1411 672 utili-

192 703 273 753 tati,
288 713 377 758 post
393 703 533 744 uidero
550 719 559 743 :
583 707 607 726 “
623 705 852 759 multaeque
876 705 1049 745 dictione
1067 706 1202 745 ouium
1220 714 1260 744 et
1274 705 1411 752 boum,

194 775 300 828 quod
331 784 416 815 tum
438 784 524 816 erat
544 789 607 815 res
629 775 667 815 in
689 789 837 829 pecore
865 785 905 815 et
937 764 1118 816 locorum
1152 774 1414 829 possessioni-

193 847 280 896 bus,
300 860 351 886 ex
375 860 452 900 quo
474 846 679 901 pecuniosi
698 857 737 887 et
759 847 980 901 locupletes
1002 847 1249 888 uocabantur
1264 846 1303 897 ;”
1335 860 1414 886 non

194 918 232 956 ui
256 927 296 957 et
316 918 518 971 suppliciis
541 918 770 958 coercebat.

254 988 309 1029 X.
361 990 425 1029 Ac
448 989 648 1030 Romulus
669 1004 761 1031 cum
785 1000 939 1045 septem
962 999 1006 1030 et·
1020 991 1178 1044 triginta
1210 989 1415 1043 regnauis-

196 1071 256 1103 set
278 1077 413 1113 annos,
430 1073 470 1103 et
485 1064 587 1104 haec
605 1065 767 1118 egregia
789 1065 868 1104 duo
884 1065 1135 1105 firmamenta
1151 1063 1208 1104 rei
1230 1062 1415 1117 publicae

196 1137 430 1190 peperisset,
454 1136 673 1190 “auspicia
694 1146 734 1177 et
755 1146 950 1187 senatum,
965 1146 1116 1177 tantum
1139 1146 1199 1177 est
1220 1149 1417 1176 consecu-

197 1217 272 1256 tus,
295 1216 336 1246 ut
362 1221 455 1247 cum
489 1208 617 1248 subito
651 1208 734 1247 sole
768 1208 981 1248 obscurato
1015 1221 1092 1248 non
1127 1206 1416 1261 conparuisset,

198 1279 366 1319 deorum
388 1279 426 1318 in
448 1273 616 1318 numero
649 1279 881 1320 conlocatus
912 1288 1144 1333 putaretur:
1178 1292 1297 1333 quam
1331 1276 1417 1331 opi-

197 1351 357 1390 nionem
390 1364 510 1390 nemo
544 1363 734 1404 umquam
768 1350 943 1391 mortalis
977 1350 1142 1405 adsequi
1176 1350 1303 1404 potuit
1334 1349 1418 1388 sine

200 1422 348 1462 eximia
364 1421 517 1461 uirtutis
539 1420 706 1474 gloria.’'
768 1422 902 1476 Atque
935 1422 1011 1461 hoc
1035 1435 1084 1461 eo
1107 1425 1132 1444 “
1148 1421 1275 1474 magis
1297 1429 1357 1459 est
1379 1419 1417 1458 in

202 1493 379 1535 Romulo
405 1493 697 1543 admirandum,
721 1494 827 1547 quod
861 1494 984 1535 ceteri
1019 1494 1083 1547 qui
1119 1494 1172 1534 dii
1205 1507 1258 1533 ex
1290 1492 1419 1532 homi-

202 1566 316 1609 nibus
354 1564 446 1606 sacti
484 1579 572 1606 esse
611 1564 810 1615 dicuntur,
844 1566 973 1605 minus
1011 1565 1173 1605 eruditis
1214 1564 1419 1604 hominum

201 1638 372 1679 saeculis
394 1636 565 1687 fuerunt,
588 1647 630 1677 ut
650 1638 824 1691 fingendi
847 1638 1035 1691 procliuis
1064 1646 1170 1678 esset
1190 1637 1303 1686 ratio,
1327 1650 1418 1676 cum

202 1710 372 1764 imperiti
395 1708 511 1750 facile
535 1708 585 1748 ad
607 1708 857 1748 eredendum
894 1708 1192 1762 inpellerentur.
1257 1707 1420 1747 Romuli

203 1791 337 1832 autem
371 1789 557 1830 aetatem,
580 1780 709 1820 minus
741 1779 802 1820 his
835 1780 1027 1820 sescentis
1061 1780 1186 1829 annis,
1210 1779 1288 1819 iam
1310 1779 1422 1819 inue-

204 1852 338 1893 teratis
374 1851 512 1892 litteris
549 1860 667 1905 atque
705 1851 907 1901 doctrinis,
933 1851 1122 1904 omnique
1159 1850 1225 1890 illo
1263 1850 1424 1904 antiquo

205 1939 258 1964 cx
284 1924 431 1963 inculta
464 1923 670 1963 hominum
704 1923 784 1963 uita
818 1936 952 1962 errore
988 1922 1156 1971 sublato,
1181 1920 1300 1961 fuisse
1335 1934 1424 1960 cer-

180 2002 186 2009 '
206 1993 379 2036 nimusss’
441 1994 549 2035 Nam
586 1994 631 2043 si,
661 1994 701 2033 id
736 1993 842 2048 quod
881 1994 1131 2034 Graecorum
1168 1991 1426 2045 inuestigatur

160 2108 168 2117 ,
208 2067 427 2116 annalibus,
451 2066 585 2106 Roma
608 2065 768 2105 condita
795 2075 828 2105 st
857 2065 1035 2105 secundo
1059 2078 1161 2104 anuo
1187 2063 1426 2117 olympiadis

208 2149 430 2194 septumae,
453 2138 490 2177 in
513 2138 551 2177 id
575 2138 780 2178 saeculum
815 2137 977 2177 Romuli
1012 2136 1158 2177 cecidit
1193 2144 1302 2176 aetas
1333 2149 1425 2175 cum

208 2213 287 2252 iam
309 2211 427 2266 plena
449 2210 623 2250 Graecia
644 2219 850 2263 poetarum
874 2218 913 2249 et
934 2209 1176 2249 musicorum
1200 2216 1331 2257 esset;
1354 2206 1426 2246 mi-

211 2296 360 2338 norque
379 2281 534 2334 fabulis,
549 2282 620 2325 nisi
640 2282 690 2323 de
708 2282 910 2324 ueteribus
927 2281 1060 2332 rebus,
1075 2281 1288 2322 haberetur
1310 2277 1425 2318 fides.
