1611 2708
645 259 790 290 ruffin
829 258 858 287 1.
1300 237 1361 281 27

204 369 364 412 XXIV.
428 368 509 410 Hic
529 368 680 422 Scipio,
704 367 848 407 faciam
873 365 979 421 quod
1001 363 1133 412 uultis,
1151 370 1193 401 ut
1210 369 1365 415 potero,

146 456 183 485 ot
220 442 419 498 ingrediar
454 442 494 481 in
536 441 845 494 disputationem
887 453 935 478 ea
972 438 1075 492 lege,
1125 447 1202 488 qua
1243 431 1368 472 credo

145 516 328 557 omnibus
344 514 383 554 in
400 513 520 553 rebus
539 497 993 563 disserendisutendum
1013 517 1117 560 esse,
1137 506 1170 546 si
1191 516 1370 544 errorem

147 587 244 628 uelis
266 585 421 634 tollere,
444 594 487 624 ut
524 585 609 624 eius
646 584 703 623 rei
740 584 790 623 de
824 595 901 636 qua
925 588 1138 634 quaeretur
1162 577 1191 617 si
1224 589 1373 616 nomen

147 658 269 713 quod>
291 657 339 698 sit
375 657 602 706 conueniat,
646 655 870 709 explicetur
913 652 1008 707 quid
1051 649 1279 700 declaretur
1322 660 1372 686 eo

146 729 305 770 nomine
327 743 336 767 :
369 729 475 782 quod
500 729 529 768 si
553 727 800 776 conuenerit,
823 736 906 766 tum
935 725 1099 764 demum
1133 721 1294 761 decebit
1315 720 1373 759 iu-

147 800 260 854 gredi
282 801 321 839 in
344 813 595 839 sermonem:
627 813 846 853 numquam
869 798 976 849 enim
1000 795 1117 849 quale
1141 792 1303 841 sitiunt,
1323 791 1374 830 de

147 885 226 926 quo
249 872 526 926 disputabitur,
549 872 724 925 intellegi
746 871 905 925 poterit,
927 869 1001 909 nisi
1037 866 1145 921 quod
1177 865 1226 905 sit
1258 862 1377 917 fuerit

147 943 395 999 intellectum
435 944 559 997 prius.
623 942 764 991 Quare
809 942 997 997 quoniam
1035 940 1086 980 de
1128 952 1172 978 re
1214 935 1377 991 publica

148 1015 391 1069 quaerimus,
413 1015 490 1056 hoc
513 1016 686 1070 primum
709 1015 921 1055 uideamus
959 1011 1055 1067 quid
1091 1010 1140 1050 sit
1170 1009 1211 1049 id
1242 1008 1374 1062 ipsum

150 1087 257 1140 quod
281 1087 524 1141 quaerimus.
587 1085 697 1127 Cum
735 1084 1039 1140 adprobauisset
1074 1080 1269 1130 Laelium
1300 1092 1377 1118 nee

149 1172 263 1209 uero,
285 1159 411 1212 inquit
432 1158 662 1208 Africanus,
684 1158 738 1198 ita
761 1158 955 1197 disseram
974 1155 1025 1195 de
1055 1168 1098 1194 re
1120 1162 1203 1192 tam
1225 1149 1379 1191 inlustri

150 1239 314 1283 tamque
335 1239 443 1279 nota,
465 1239 508 1269 ut
531 1230 581 1269 ad
603 1230 670 1269 illa
699 1229 900 1269 elementa
931 1226 1132 1275 reuoluar,
1157 1223 1301 1278 quibus
1323 1221 1379 1262 uti

152 1301 259 1340 docti
277 1301 535 1341 homineshis
557 1301 596 1340 in
618 1300 739 1340 rebus
761 1300 903 1349 solent,
930 1309 972 1339 ut
994 1313 1016 1338 a
1037 1298 1167 1352 prima
1188 1308 1380 1349 congres-

151 1371 261 1412 sione
284 1371 404 1411 maris
427 1380 467 1410 et
503 1369 691 1422 feminae,
715 1372 862 1411 deinde
886 1387 909 1411 a
939 1371 1132 1426 progenie
1169 1379 1209 1409 et
1231 1382 1381 1422 cogna-

151 1443 258 1482 tione
281 1442 413 1482 ordiar
433 1457 444 1494 ;
476 1443 691 1497 uerbisque
731 1444 825 1497 quid
859 1444 907 1483 sit
933 1453 973 1483 et
995 1451 1090 1497 quot
1112 1442 1242 1482 modis
1266 1440 1381 1495 quid-

154 1527 231 1567 que
265 1514 419 1554 dieatur
457 1514 647 1554 definiam
684 1515 872 1569 saepius:
905 1524 1000 1569 aput
1030 1513 1251 1569 prudentes
1274 1512 1381 1551 enim

152 1585 336 1625 homines
354 1594 393 1625 et
413 1585 452 1624 in
474 1586 652 1626 maxima
674 1601 716 1626 re
739 1586 900 1640 publica
937 1600 1095 1626 summa
1131 1600 1225 1626 cum
1258 1584 1382 1638 gloria

153 1656 246 1696 belli
270 1657 459 1710 domique
497 1667 677 1698 uersatos
714 1672 808 1697 cum
844 1657 998 1712 loquar,
1021 1671 1100 1696 non
1133 1656 1382 1696 committam

154 1737 197 1767 ut
219 1728 267 1767 sit
287 1727 486 1767 inlustrior
507 1729 573 1769 illa
605 1729 691 1782 ipsa
712 1743 792 1779 res,
816 1730 867 1769 de
906 1744 985 1783 qua
1022 1729 1237 1782 disputem,
1262 1742 1382 1782 quam

154 1798 280 1838 oratio
302 1812 395 1838 mea
415 1813 424 1838 ε
456 1813 532 1839 nec
570 1800 676 1840 enim
712 1801 791 1840 hoo
823 1801 982 1855 suscepi
1005 1809 1048 1840 ut
1068 1809 1275 1854 tamquam
1297 1814 1383 1840 ma-

153 1870 275 1923 gister
311 1883 579 1924 persequerer
615 1871 771 1911 omnia:
803 1885 936 1926 neque
975 1871 1052 1911 hoc
1090 1871 1285 1925 polliceor
1316 1885 1382 1910 me

156 1941 410 1991 effecturum,
433 1951 475 1981 ut
496 1956 547 1981 ne
571 1956 648 1995 qua
671 1942 867 1996 particula
888 1942 927 1982 in
948 1942 1026 1982 hoc
1056 1956 1242 1982 sermone
1265 1955 1384 1996 prae-

156 2013 339 2053 termissa
362 2013 422 2053 sit.
485 2012 596 2053 Tum
619 2013 798 2063 Laelius,
822 2028 899 2068 ego
919 2028 1018 2054 uero
1040 2014 1134 2053 istut
1158 2014 1289 2067 ipsum
1313 2027 1382 2066 ge-

156 2097 231 2123 nus
252 2082 451 2123 orationes
473 2084 580 2137 quod
603 2084 804 2138 polliceris
826 2094 1016 2143 expect03

216 2151 358 2194 XXV.
392 2153 511 2195 “Est
532 2155 662 2209 igitur,
700 2156 827 2210 inquit
857 2156 1087 2206 Africanus,
1123 2171 1188 2196 res
1220 2156 1383 2211 publica

158 2238 223 2264 res
239 2224 376 2279 populi
396 2224 436 2275 ;”
457 2226 628 2280 populus
650 2236 783 2267 autem
806 2242 884 2267 non
907 2229 1036 2268 omnis
1058 2228 1263 2268 hominum
1286 2243 1381 2269 coe-

157 2305 221 2336 tus
244 2309 404 2353 quoquo
425 2297 548 2337 modo
570 2308 849 2351 congregatus,
866 2300 938 2340 sed
960 2310 1099 2340 coetus
1122 2301 1384 2341 multitudiuis
