1611 2708
154 216 182 259 8
566 226 628 259 DE
666 228 727 260 RE
765 229 973 260 PVBLICA

157 351 277 392 quam
300 338 371 378 sibi
396 338 479 378 dari
497 348 669 392 tempus,
693 348 733 378 ut
755 339 907 392 possint
930 352 1019 378 cam
1037 339 1174 387 uitam,
1198 347 1300 392 quae
1323 347 1380 378 ta-

153 423 246 449 men
279 420 386 451 essct
419 410 629 450 reddenda
662 419 843 460 naturae,
866 424 939 464 pro
973 409 1099 464 patria
1132 409 1381 463 potissimum

152 480 339 520 reddere.
402 481 477 520 Illo
513 494 612 520 ucro
648 495 690 520 se
725 480 814 520 loco
849 481 1034 534 copiosos
1057 489 1097 520 et
1119 480 1288 520 disertos
1309 494 1382 533 pu-

153 560 248 600 tant,
287 566 378 591 cum
414 551 661 591 calamitates
703 552 1014 591 clarissimorum
1056 552 1247 601 uirorum,
1282 551 1382 590 iniu-

155 622 314 675 riasque
330 622 376 660 iis
392 622 439 661 ab
455 622 616 675 ingratis
631 622 836 676 impositas
852 623 1006 662 ciuibus
1022 623 1224 676 colligunt.
1274 620 1382 661 Hinc

154 692 262 731 enim
286 691 350 731 illa
373 701 411 731 et
446 693 551 745 apud
578 692 760 732 Graecos
783 693 985 746 exempla,
1009 692 1234 733 Miltiadem
1258 693 1383 732 uicto·

152 775 239 801 rem
263 761 584 815 domitoremque
609 761 844 812 Persarum,
867 763 1046 802 nondum
1079 764 1222 803 sanatis
1245 762 1383 802 uolne-

153 831 262 871 ribus
284 831 343 881 iis,
364 846 466 885 quae
489 846 658 885 corpore
695 833 868 872 aduerso
902 834 940 872 in
976 833 1194 874 clarissima
1217 833 1383 873 uictoria

159 902 397 956 accepisset,
414 903 535 942 uitam
560 917 611 942 ex
634 903 807 942 hostium
824 904 912 943 telis
936 913 1150 955 seruatam,
1173 906 1211 945 in
1234 906 1383 945 ciuium

153 974 293 1013 uinclis
335 973 589 1028 profudisse:
635 984 673 1014 ct
715 975 1037 1015 Themistoclem
1079 976 1219 1029 patria,
1263 989 1382 1029 quam

154 1045 418 1095 liberanisset,
441 1046 600 1099 pulsum
635 1055 753 1100 atquc
788 1047 1057 1100 proterritum,
1080 1062 1159 1087 non
1192 1047 1231 1087 in
1255 1046 1383 1086 Grae-

157 1117 244 1157 ciae
279 1126 416 1171 portus
449 1131 521 1171 per
556 1132 598 1157 se
637 1127 831 1168 seruatos,
855 1119 926 1158 sed
961 1119 999 1158 in
1032 1118 1241 1158 barbariae
1277 1118 1384 1158 sinus

156 1188 398 1243 confugisse,
415 1203 534 1243 quam
559 1189 782 1230 adflixerat.
837 1189 929 1230 Nec
952 1204 1049 1230 uero
1071 1190 1242 1230 leuitatis
1256 1190 1384 1229 Athe—

154 1260 352 1299 niensium
375 1260 701 1314 crudelitatisque
725 1261 763 1300 in
787 1261 1051 1314 amplissimos
1074 1261 1173 1300 ciuis
1196 1261 1386 1314 exempla

157 1330 375 1370 deficiunt:
410 1344 512 1384 quae
535 1340 627 1370 nata
661 1341 699 1370 et
731 1330 983 1385 frequentata
1006 1332 1111 1386 apud
1142 1332 1242 1382 illos,
1266 1332 1384 1371 etiam

156 1402 195 1441 in
230 1401 507 1455 grauissimam
549 1402 754 1441 ciuitatem
797 1411 972 1442 nostram
1011 1402 1195 1442 dicuntur
1237 1401 1385 1441 redun-

158 1473 290 1512 dasse.
355 1472 463 1512 Nam
487 1473 551 1512 uel
584 1473 749 1512 exilium
774 1472 948 1523 Camilli,
973 1473 1038 1513 uel
1071 1473 1240 1513 offensio
1274 1488 1386 1512 com-

157 1553 403 1583 memoratur
425 1543 597 1593 Ahalae,
621 1544 687 1583 uel
717 1544 867 1584 inuidia
899 1543 1089 1595 Nasicae,
1114 1544 1178 1585 uel
1201 1545 1385 1598 expulsio

160 1613 366 1664 Laenatis,
394 1615 459 1654 uel
495 1614 632 1668 Opimi
668 1615 884 1665 damnatio,
907 1616 970 1655 vel
1002 1615 1094 1669 suga
1128 1615 1296 1665 Metelli,
1320 1616 1384 1655 uel

158 1686 417 1725 acerbissima
452 1684 505 1724 C.
542 1685 645 1724 Mari
682 1686 833 1736 clades,
866 1687 1091 1740 principum
1126 1687 1290 1736 caedes,
1322 1685 1385 1726 uel

157 1771 299 1796 eorum
342 1757 555 1795 multorum
598 1766 746 1810 pestes,
787 1771 889 1810 quae
931 1757 1050 1811 paulo
1092 1766 1181 1811 post
1222 1767 1385 1797 secutae

158 1837 261 1867 sunt.
328 1831 352 1849 ‘⁶
370 1827 461 1867 Nec
486 1842 582 1867 uero
606 1829 683 1867 iam
708 1843 799 1868 mco
833 1829 993 1868 nomine
1029 1828 1269 1868 abstinent.'’
1331 1828 1387 1869 Et

158 1900 283 1939 credo
307 1899 397 1952 quia
422 1909 555 1939 nostro
578 1900 744 1940 consilio
767 1915 813 1940 ac
836 1900 1016 1954 periculo
1040 1913 1128 1940 sese
1152 1901 1189 1940 in
1220 1900 1284 1940 illa
1306 1900 1384 1939 vita

159 1981 278 2024 atque
302 1971 381 2009 otio
405 1981 664 2011 conseruatos
686 1981 838 2025 putant,
863 1972 1022 2024 grauius
1057 1972 1176 2010 etiam
1200 1971 1250 2010 de
1274 1971 1387 2011 nobis

159 2051 379 2095 queruntur
414 2051 452 2081 ct
491 2043 700 2081 amantius.
767 2042 850 2082 Sed
889 2043 995 2082 haud
1039 2042 1155 2082 sas-ilc
1200 2043 1384 2092 dixerim,

158 2127 230 2151 cur
253 2127 344 2152 cum
381 2112 451 2165 ipsi
490 2114 669 2154 discendi
706 2123 772 2154 aut
806 2115 959 2155 uisendi
995 2129 1117 2155 causa
1150 2115 1274 2154 maria
1307 2125 1384 2155 tra-

158 2184 313 2224 mittant
336 2183 361 2207 *
386 2183 411 2207 ἦ
435 2183 459 2207 ÷÷
485 2184 509 2207 “·“
