1611 2708
682 242 828 274 LIBER
865 242 916 272 11.
1344 223 1409 270 53

191 352 287 402 Qua
305 367 356 394 ex
379 366 500 394 causa
517 365 610 393 cum
630 352 780 392 bellum
803 350 999 392 Romanis
1017 348 1153 390 Sabini
1174 347 1408 396 intulissent,

192 425 410 479 proeliique
433 433 636 464 certamen
659 423 812 462 uarium
835 432 951 476 atque
975 435 1122 475 anceps
1143 419 1294 469 suisset,
1317 433 1410 459 cum

191 495 247 535 T.
271 495 391 536 Tatio
416 508 523 548 rege,
547 493 787 533 Sabinorum
810 492 953 533 foedus
986 493 1066 542 icit,
1088 490 1279 531 matronis
1300 489 1409 544 ipsiS,

192 580 295 620 quae
317 575 453 619 raptae
476 574 600 615 erant,
623 553 850 605 orantibus:
883 577 961 617 quo
983 562 1149 602 foedere
1172 571 1212 602 et
1242 561 1412 601 Sabinos

192 637 230 676 in
253 636 455 676 ciuitatem
485 636 667 685 adsciuit,
690 635 813 675 sacris
847 634 1149 682 conmunicatis,
1173 642 1213 673 et
1245 646 1412 687 regnum

193 721 308 747 suum
331 721 423 747 cum
446 707 600 747 illorum
622 720 718 760 rege
741 705 922 746 sociauit.

250 777 365 818 VIII.
418 777 518 818 Post
538 778 736 818 interitum
759 785 892 816 autem
913 775 1021 816 Tatii
1043 789 1136 815 cum
1159 775 1210 814 ad
1227 789 1320 815 eum
1342 788 1429 829 po-·
1456 782 1461 785 “

194 857 365 889 tentatus
397 849 524 889 omnis
560 848 808 897 reccidisset,
828 860 1070 902 quamquam
1093 861 1184 886 curn
1215 845 1336 886 Tatio
1372 847 1409 885 in

194 919 348 972 regium
382 919 590 959 consilium
624 919 830 973 delegerat
869 918 1084 972 principes,
1120 917 1186 971 qui
1228 916 1416 971 appellati

194 999 284 1030 sunt
315 999 476 1045 propter
498 990 703 1030 caritatem
733 999 893 1044 patres3
923 988 1197 1042 populumque
1221 997 1260 1027 et
1281 1001 1353 1027 suo
1376 996 1416 1026 et

194 1061 290 1102 Tati
310 1061 470 1101 nomine
494 1070 533 1101 et
555 1060 817 1109 Lucumonis,
841 1060 907 1114 qui
929 1058 1094 1099 Romuli
1121 1059 1253 1098 socius
1286 1058 1326 1098 in
1353 1071 1414 1097 sa-

195 1133 287 1173 bino
308 1133 460 1187 proelio
482 1132 700 1182 occiderat,
722 1131 761 1171 in
782 1131 905 1171 tribus
926 1131 994 1170 tris
1027 1130 1237 1184 curiasque
1259 1129 1415 1182 triginta

197 1204 476 1258 descripserat,
500 1218 597 1257 quas
619 1202 748 1243 curias
783 1216 919 1242 earum
953 1201 1176 1241 nominibus
1210 1213 1416 1253 nuncupa-

196 1275 266 1324 uit,
290 1289 391 1329 quae
427 1279 478 1314 ex
515 1274 672 1314 Sabinis
706 1273 879 1326 uirgines
912 1281 1063 1326 raptae,
1089 1280 1228 1325 postea
1261 1270 1417 1310 fuerant

194 1346 387 1386 oratrices
400 1346 511 1400 pacis
534 1354 572 1384 et
595 1343 795 1384 foederis:
818 1352 877 1383 set
900 1331 1140 1396 quamquam
1156 1356 1204 1381 ea
1225 1341 1345 1381 Tatio
1360 1341 1416 1380 sic

198 1426 309 1457 erant
332 1416 530 1469 descripta
552 1415 659 1463 uiuo,
682 1422 816 1453 tamen
839 1427 887 1452 eo
909 1411 1132 1460 interfecto,
1151 1411 1274 1450 multo
1297 1411 1417 1450 etiam

197 1487 323 1541 magis
356 1486 555 1528 Romulus
590 1493 748 1540 patrum
786 1482 1018 1524 auctoritate
1053 1481 1296 1535 consilioque
1326 1494 1417 1534 reg-

196 1558 318 1599 nauit.

254 1628 331 1670 IX.
385 1627 481 1676 Quo
515 1626 621 1668 facto
656 1627 827 1681 primum
865 1626 963 1665 uidit
1003 1625 1272 1677 iudicauitque
1309 1623 1417 1662 idern

199 1700 306 1754 quod
331 1699 499 1754 Spartae
534 1698 747 1753 Lycurgus
779 1696 898 1751 paulo
927 1706 1018 1736 ante
1040 1696 1208 1744 uiderat,
1232 1694 1418 1748 singulari

199 1770 367 1824 imperio
389 1779 429 1809 et
444 1777 637 1824 potestate
661 1768 770 1821 regia
790 1777 874 1807 tum
895 1766 1038 1806 melius
1061 1765 1271 1819 gubernari
1294 1774 1333 1804 et
1353 1779 1418 1804 re—

198 1841 236 1895 gi
259 1840 453 1889 ciuitates,
477 1840 508 1879 si
531 1848 636 1879 esset
657 1837 793 1892 optimi
816 1838 1009 1891 cuiusque
1040 1838 1091 1876 ad
1113 1836 1221 1876 illam
1242 1836 1323 1874 uim
1347 1835 1418 1875 do-

198 1911 422 1952 minationis
445 1911 632 1951 adiuncta
653 1909 880 1949 auctoritas.
943 1908 1081 1962 Itaque
1098 1907 1176 1947 hoc
1193 1906 1358 1947 consilio
1380 1914 1420 1945 et
1455 1891 1464 1897 ,

200 1983 312 2037 quasi
334 1992 474 2022 senatu
496 1980 614 2036 fultus
637 1990 676 2021 et
697 1980 884 2029 munitus,
908 1988 948 2019 et
979 1978 1084 2019 bella
1118 1992 1210 2018 cum
1244 1977 1419 2017 finitimis

200 2053 428 2094 felicissime
450 2053 574 2093 multa
595 2052 743 2106 gessit:
775 2060 815 2091 et
836 2065 929 2091 cum
962 2050 1047 2105 ipse
1076 2049 1170 2090 nihil
1194 2063 1245 2088 ex
1267 2048 1420 2103 praeda.

201 2125 364 2164 domum
387 2138 499 2164 suam
520 2131 754 2177 reportaret,
770 2121 1014 2176 locupletare
1037 2120 1135 2160 ciuis
1156 2134 1234 2159 non
1257 2118 1417 2158 destitit.

200 2196 335 2245 Tunc,
358 2195 398 2235 id
421 2195 527 2249 quod
549 2194 766 2234 retinemus
792 2193 911 2233 hodie
934 2206 1078 2245 magna
1100 2205 1192 2231 cum
1216 2190 1340 2229 salute
1362 2188 1420 2228 rei

199 2267 399 2322 publicae,
423 2265 608 2321 auspiciis
640 2265 854 2319 plurimum
887 2264 1103 2306 obsecutus
1125 2271 1184 2303 est
1205 2261 1418 2302 Romulus.

434 2346 436 2348 ,
612 2336 666 2376 5*
