1611 2708
139 227 201 273 402
550 246 613 275 nn
651 245 713 276 RE
751 246 960 280 Pvssch

137 352 176 392 id
209 361 269 394 est
301 354 472 408 patrium
505 354 715 395 consilium
747 357 896 410 populo
938 357 1042 398 bene
1078 358 1370 399 consulentium

138 425 377 480 principum.
443 425 513 466 Sin
545 440 619 480 per
650 442 692 467 se
727 429 899 483 populus
932 428 1132 470 interfecit
1166 439 1233 470 aut
1255 430 1374 470 eiecit

139 508 363 550 tyrannum,
407 507 469 538 est
500 498 745 540 moderatior
781 501 913 554 quoad
956 501 1073 542 sentit
1107 512 1145 541 et
1183 501 1299 556 sapit,
1335 509 1377 541 et

138 582 209 608 sua
230 583 274 608 re
297 579 409 623 gesta
431 569 613 621 laetatur,
636 572 819 626 tuerique
853 573 936 613 uult
956 587 1030 627 per
1052 588 1094 613 se
1118 574 1374 614 constitutam

137 654 223 680 rem
244 641 463 695 publicam.
530 642 573 683 Si
597 643 758 698 quando
781 653 848 684 aut
868 644 953 698 regi
976 645 1078 685 iusto
1100 645 1182 684 uim
1204 644 1377 699 populus

139 713 311 754 attulerit
344 728 522 768 regnoue
558 728 651 754 eum
681 715 893 769 spoliauit3
926 725 991 755 aut
1029 716 1164 765 etiam,
1199 716 1240 756 id
1264 715 1372 770 quod

137 785 273 825 euenit
314 786 487 841 saepius,
530 787 781 840 optimatium
823 787 1058 841 sanguinem
1093 787 1280 841 gustauit,
1324 801 1378 849 ae·

137 867 262 900 totam
304 874 390 900 rem
424 860 627 915 publicam
666 861 880 901 substrauit
914 861 1064 901 libidini
1107 876 1232 913 suae3
1269 870 1372 902 caue

136 940 255 986 putes
293 941 426 972 autem
461 946 572 973 mare
607 933 731 991 ullum
771 942 838 973 aut
878 932 1040 973 flamam
1083 947 1172 973 esse
1206 942 1372 983 tantam,

138 1017 258 1058 quam
292 1018 371 1044 non
407 1003 561 1044 facilius
596 1004 645 1045 sit
666 1005 826 1055 sedare,
851 1018 970 1060 quam
1007 1004 1242 1045 effrenatam
1265 1005 1371 1046 inso-

138 1075 259 1115 lentia
280 1076 590 1117 multitudinem.

195 1146 355 1187 XLIII.
389 1147 500 1187 Tum
531 1148 573 1188 fit
594 1148 692 1198 illut,
723 1148 831 1202 quod
866 1158 961 1203 aput
995 1147 1208 1189 Platonem
1232 1157 1291 1189 est
1313 1148 1374 1188 lu-

139 1219 298 1259 culente
335 1219 501 1269 dictum,
525 1220 555 1259 si
578 1219 700 1259 modo
734 1220 773 1259 id
799 1220 1028 1274 exprimere
1050 1221 1170 1260 latine
1204 1229 1374 1274 potuero

138 1306 231 1331 nam
256 1291 416 1331 difficile
440 1290 548 1331 sactu
570 1300 657 1343 est3
691 1291 762 1331 sed
786 1291 976 1332 conabor.
1041 1290 1149 1332 Cum
1173 1291 1293 1342 enim,
1316 1291 1376 1331 in-

141 1365 237 1420 quit,
272 1364 538 1418 inexplebiles
574 1365 710 1418 populi
745 1363 884 1405 fauces
907 1374 1152 1405 exaruerunt
1184 1364 1375 1405 libertatis

141 1436 216 1486 siti,
251 1436 445 1489 malisque
490 1450 583 1476 usus
624 1435 689 1475 ille
724 1436 924 1485 ministris,
960 1451 1037 1475 non
1073 1436 1233 1476 modice
1271 1445 1374 1475 tem-

139 1518 320 1564 peratam
354 1508 424 1548 scd
447 1507 564 1548 nimis
586 1521 791 1548 meracam
824 1508 1047 1548 libertatem
1071 1508 1206 1548 sitiens
1228 1508 1374 1548 hause-

141 1583 216 1633 1·i1;
247 1591 332 1621 tum
374 1582 627 1635 magistratus
660 1589 700 1620 et
739 1580 955 1634 principes,
990 1579 1062 1619 nisi
1100 1579 1218 1619 ualde
1262 1579 1374 1620 lenes

143 1664 181 1694 ct
204 1652 358 1694 remissi
393 1653 468 1692 sint
490 1662 530 1692 et
562 1652 671 1706 large
706 1652 778 1692 sibi
800 1651 1024 1691 libertatem
1059 1651 1293 1700 ministrent,
1316 1650 1374 1690 in-

143 1726 334 1781 sequitur,
357 1724 569 1774 insimulat‚
594 1723 747 1778 arguit,
779 1732 1076 1778 praepotentes,
1100 1736 1217 1776 reges
1240 1732 1375 1776 tyran-

142 1812 215 1839 nos
237 1806 369 1838 uocat.
434 1795 541 1836 Puto
564 1796 669 1836 enim
693 1795 761 1835 tibi
783 1795 886 1835 haec
910 1808 998 1835 esse
1021 1803 1128 1834 nota.
1181 1792 1237 1834 L.
1261 1792 1375 1834 Uero

142 1871 255 1921 mihi,
270 1869 396 1924 inquit
412 1869 493 1919 ille,
516 1868 734 1909 notissima.
786 1866 832 1907 S.
858 1866 970 1922 Ergo
985 1867 1050 1907 illa
1067 1876 1282 1908 secuntur:
1305 1880 1375 1906 eos

144 1943 211 1998 qui
233 1950 399 1996 pareant
423 1941 666 1995 principibus
689 1940 827 1994 agitari
860 1941 908 1980 ab
933 1954 981 1980 eo
1002 1939 1151 1994 populo
1174 1948 1213 1977 et
1235 1951 1375 1979 seruos

145 2013 387 2055 uoluntarios
430 2012 634 2066 appellari,
678 2026 747 2052 eos
781 2021 929 2061 autem,
973 2010 1038 2064 qui
1070 2010 1109 2049 in
1143 2009 1375 2063 magistratu

148 2087 391 2141 priuatorum
426 2084 574 2126 similes
608 2098 697 2124 esse
720 2084 869 2135 uelint3
904 2093 1053 2137 eosque
1083 2082 1272 2136 priuatos,
1309 2082 1375 2136 qui

147 2158 322 2200 efficiant
342 2156 490 2211 nequid
513 2156 614 2196 inter
634 2156 833 2210 priuatum
862 2164 899 2194 et
922 2155 1194 2208 magistratum
1218 2153 1375 2194 differat

148 2236 173 2254 “
194 2230 325 2271 ferunt
344 2229 529 2270 laudibus
551 2238 591 2269 ct
611 2237 787 2269 mactant
807 2226 1049 2268 honoribus”
1073 2235 1116 2266 ut
1136 2238 1304 2266 necesse
1327 2224 1376 2265 sit

148 2304 187 2344 in
210 2301 405 2354 eiusmodi
427 2315 470 2345 re
496 2301 657 2359 publica
677 2300 796 2358 plena
816 2294 1008 2343 libertatis
1029 2311 1118 2342 esse
1139 2297 1271 2340 omnia
1289 2311 1302 2349 3
1332 2304 1374 2337 ut
