1611 2708
672 272 819 313 Lissmz
860 281 909 312 11.
1332 265 1396 313 65

173 393 288 448 pletis
311 392 499 433 adsiduos
521 392 761 447 appellasset
784 392 832 432 ab
851 405 944 431 aere
968 389 1129 441 dand03
1152 403 1221 430 eos
1241 387 1306 444 qui
1330 400 1396 430 aut

172 479 251 505 non
274 465 360 519 plus
382 464 488 504 mille
520 463 779 516 quingentum
802 463 920 512 aeris,
945 472 1011 502 aut
1044 462 1203 502 omnino
1225 461 1320 501 nihil
1357 463 1396 501 in

173 550 288 576 suum
331 548 497 574 censum
538 542 698 587 praeter
740 542 861 586 caput
904 533 1398 587 attulissentsproletarios
1418 539 1419 542 ’

171 606 418 656 nominauit3
450 613 492 644 ut
509 618 561 644 ex
584 604 630 644 iis
653 604 764 658 quasi
787 604 934 657 proles,
958 604 996 643 id
1020 614 1080 644 est
1103 604 1214 658 quasi
1251 617 1398 657 proge-

169 676 255 717 nies
278 676 447 716 ciuitatis
470 675 678 729 expectari
701 675 919 715 uideretur.
983 674 1143 715 Illarum
1167 684 1300 715 autem
1324 689 1397 714 sex

172 757 212 787 et
232 748 446 801 nonaginta
468 747 737 787 centuriarum
760 747 798 786 in
823 761 901 786 una
924 747 1102 786 centuria
1125 756 1208 786 tum
1232 747 1396 800 quidem

171 820 306 874 plures
328 819 609 868 censebantur,
629 832 749 872 quam
783 832 912 872 paene
936 817 974 857 in
997 818 1124 871 prima
1147 817 1276 857 classe
1299 827 1395 857 tota.

170 889 231 930 Ita
252 904 328 929 nec
350 890 634 943 prohibebatur
653 890 863 943 quisquam
886 889 970 928 iure
994 888 1168 941 suffragii
1190 902 1198 926 :
1222 896 1262 927 et
1279 888 1310 928 is
1328 902 1398 927 ua-

171 961 279 1002 lebat
300 961 338 1001 in
361 961 549 1014 suffragio
572 961 802 1016 plurimum,
825 961 939 1000 cuius
960 960 1175 1014 plurimum
1209 959 1398 999 intererat

172 1048 261 1074 esse
284 1034 322 1073 in
345 1033 495 1087 optimo
518 1041 619 1072 statu
642 1033 860 1072 ciuitatem.
924 1030 1035 1079 Quin
1058 1031 1178 1070 etiam
1201 1030 1397 1080 accensis,

174 1105 327 1155 uelatis,
350 1104 576 1154 liticinibus,
600 1104 882 1154 cornicinibus,
906 1102 1127 1158 proletariis
1151 1132 1306 1142 .....

509 1222 741 1251 Desiderantur
763 1222 902 1261 paginae
925 1226 1070 1260 quatuor.

234 1318 259 1342 ÷÷
283 1317 308 1342 ἦ
323 1316 485 1358 XXIII.
528 1317 642 1357 Statu
665 1316 754 1356 esse
776 1315 926 1369 optimo
949 1315 1202 1355 constitutam
1224 1328 1309 1354 rem
1324 1328 1398 1368 pu-

172 1389 319 1429 blicam
342 1403 444 1443 quae
468 1403 519 1428 ex
553 1388 678 1427 tribus
707 1387 920 1440 generibus
941 1387 1029 1436 illis,
1052 1387 1175 1439 regali
1211 1395 1249 1425 et
1282 1395 1398 1439 optu-

172 1460 267 1499 mati
290 1468 329 1498 et
349 1458 532 1512 populari
555 1456 723 1497 confusa
744 1457 922 1505 modice,
946 1471 1022 1496 nec
1044 1457 1247 1510 puniendo
1276 1457 1400 1496 irritet

173 1530 350 1570 animum
381 1529 598 1569 immanem
631 1542 678 1568 ac
712 1527 855 1568 serum.
881 1527 906 1551 ’κ
931 1528 956 1551 ÷÷
1016 1527 1184 1568 Nonius
1205 1542 1293 1567 που.
1316 1542 1397 1568 mo—

173 1601 319 1642 dicum.
779 1655 784 1659 ·

176 1703 186 1712 .
213 1703 222 1712 .
249 1703 258 1712 .
285 1703 294 1712 .
318 1671 496 1727 quinque
519 1678 555 1712 et
577 1673 789 1726 sexaginta
812 1673 923 1713 annis
952 1673 1159 1727 antiquior,
1184 1673 1291 1726 quod
1314 1682 1399 1712 erat

174 1758 325 1784 xxxix.
350 1753 440 1783 ante
463 1744 632 1798 primam
666 1744 939 1798 olympiadem
973 1744 1146 1783 condita.
1210 1743 1265 1783 Et
1299 1743 1398 1783 anti-

171 1815 385 1869 quissimus
420 1815 486 1854 ille
516 1814 731 1869 Lycurgus
766 1815 911 1855 eadem
946 1815 1057 1855 uidet
1090 1814 1189 1854 sere.
1251 1814 1394 1868 Itaque

172 1886 245 1926 ista
269 1886 528 1940 aequabilitas
549 1895 669 1940 atque
696 1886 773 1926 hoc
806 1886 952 1940 triplex
986 1899 1119 1926 rerum
1144 1885 1397 1940 publicarum

173 1971 298 2010 genus
320 1957 479 1997 uidetur
501 1957 596 1997 mihi
619 1971 832 1997 commune
855 1958 968 1997 nobis
1005 1971 1097 1998 cum
1131 1957 1205 1997 illis
1239 1957 1396 2011 populis

174 2027 310 2068 fuisse.
375 2029 460 2069 Sed
483 2029 589 2082 quod
612 2029 815 2084 proprium
847 2029 894 2068 sit
926 2029 966 2069 in
999 2038 1133 2069 nostra
1153 2043 1196 2068 re
1219 2028 1394 2082 publica,

174 2111 254 2152 quo
275 2099 370 2138 nihil
394 2100 516 2153 possit
534 2113 622 2140 esse
645 2099 903 2154 praeclarius,
925 2099 966 2139 id
988 2114 1207 2154 persequar
1229 2100 1259 2139 si
1281 2108 1395 2152 pote-

172 2184 217 2209 ro
239 2169 432 2219 subtilius,
456 2172 562 2224 quod
585 2171 658 2211 erit
672 2170 884 2220 eiusmodi,
906 2171 1002 2210 nihil
1023 2181 1066 2210 ut
1086 2171 1164 2211 tale
1187 2169 1266 2210 ulla
1287 2170 1325 2209 in
1348 2183 1392 2210 re

172 2240 333 2294 publica
354 2242 615 2294 repperiatur.
680 2240 798 2282 Haec
816 2241 922 2281 enim
938 2254 1039 2294 quae
1058 2241 1189 2281 adhuc
1208 2240 1390 2295 exposui,

172 2312 229 2353 ita
249 2308 555 2354 mixta'fuerunt
570 2322 616 2368 „et
637 2313 676 2353 in
706 2313 784 2354 hac
805 2313 966 2355 ciuitate
989 2311 1395 2370 etsbin-Lacaedemo-

581 2382 638 2424 6'>e
1074 2378 1076 2380 .
