1611 2708
624 261 770 293 r.rssssn
810 262 881 292 ιιι.
1265 247 1356 292 103

133 386 265 422 mana,
281 386 353 413 sua
374 372 479 412 bona
501 371 636 412 diuina
657 372 821 412 iudicat.
868 370 952 412 Sed
975 371 1006 411 si
1029 380 1095 411 aut
1116 370 1256 424 ingrati
1273 371 1358 410 uni—

132 444 252 493 uersi,
277 453 343 484 aut
376 443 499 483 inuidi
533 443 658 492 multi,
683 452 750 482 aut
783 442 931 483 inimici
953 452 1150 496 potentes,
1174 442 1254 482 suis
1281 442 1359 481 uir-

130 524 257 555 tutem
279 514 468 569 praemiis
490 513 685 567 spoliant:
718 526 793 552 nac
816 513 881 552 illa
899 527 942 552 se
965 514 1096 553 multis
1120 513 1266 553 solatiis
1288 512 1359 552 ob—

130 586 266 635 lectat,
289 584 548 638 maximeque
572 598 644 624 suo
666 584 816 623 decore
839 597 881 623 se
904 583 990 637 ipsa
1012 592 1218 624 sustentat.
1251 582 1360 624 Lac-

127 656 279 696 tantius
299 655 393 696 inst.
425 654 479 696 V.
508 657 558 695 18
582 660 618 694 et
640 657 710 694 22.
737 654 762 677 ἦ
787 654 812 677 ÷÷

190 726 216 750 ἦ
240 726 265 750 ³⁶
287 725 338 766 In
361 725 480 766 tertio
503 725 550 766 de
585 740 625 766 re
652 723 820 780 publica
842 723 944 765 libro
975 723 1115 765 Cicero
1145 739 1230 765 cum
1251 723 1363 764 Her-

134 797 258 840 culem
300 804 335 838 et
372 796 592 838 Romulum
628 811 675 836 ex
716 795 939 837 hominibus
981 795 1073 836 deos
1116 810 1194 836 esse
1224 795 1361 850 factos

135 869 641 917 adseueraret—-Quorum
677 881 757 908 non
795 882 978 923 corpora,
1012 867 1159 922 inquit,
1195 876 1284 908 sunt
1326 867 1365 907 in

130 941 290 982 caelum
306 941 411 980 elata
426 955 438 991 3
460 954 593 994 neque
609 940 716 980 enim
732 949 874 980 natura
890 949 1106 993 pateretur,
1124 949 1165 979 ut
1181 940 1236 990 id,
1253 938 1362 993 quod

135 1021 243 1053 esset
265 1026 289 1051 e
309 1021 429 1061 terra,
452 1012 526 1052 nisi
560 1012 599 1051 in
632 1021 739 1051 terra
767 1021 962 1051 maneret.
1024 1010 1284 1067 Augustinus
1314 1008 1363 1050 C.

137 1082 196 1122 D.
224 1081 376 1122 XXII.
401 1086 442 1122 4.
468 1082 494 1106 ÷÷
518 1082 543 1105 ÷÷

197 1154 222 1177 ἦ
247 1153 272 1177 ³⁶
296 1153 532 1207 Numquam
553 1154 627 1193 uiri
650 1152 850 1194 fortissimi
874 1152 1126 1204 fortitudinis,
1150 1153 1368 1208 impigrita-

138 1226 201 1276 tis,
224 1226 439 1280 patientiae
462 1224 608 1280 fructu
643 1232 871 1266 caruerunt.
934 1224 1102 1266 Nonius
1128 1240 1215 1266 uoc.
1248 1223 1367 1279 impi-

134 1297 284 1354 gritcw.
311 1297 336 1321 ἦ
361 1297 386 1320 ÷÷
1019 1306 1025 1338 ζ

63 1072 93 1090 §¹

201 1372 226 1396 ἦ
250 1372 275 1396 ³⁹
297 1371 400 1413 Nisi
422 1370 537 1426 forte
564 1371 682 1412 stulte
706 1371 852 1425 Pyrrhi
874 1371 1024 1412 ridetur
1046 1371 1205 1425 largitas
1227 1384 1251 1411 a
1272 1384 1369 1411 con-

141 1444 242 1493 sule,
261 1452 327 1483 aut
351 1443 590 1482 Samnitium
613 1443 755 1496 copiae
773 1441 900 1483 Curio
924 1441 1150 1482 defuerunt.
1202 1440 1371 1483 N'onius

140 1528 229 1554 uoc.
257 1513 447 1568 largitas.
473 1513 498 1536 ÷÷
523 1514 548 1536 ÷÷

202 1585 228 1609 ÷÷
252 1585 277 1609 ’κ
301 1584 430 1625 Cuius
452 1585 572 1625 etiam
595 1583 731 1625 focum
754 1583 858 1625 Cato
880 1584 944 1624 ille
967 1594 1115 1634 noster,
1131 1598 1225 1625 cum
1246 1597 1382 1641 uene-¹

142 1667 202 1698 rat
224 1657 275 1697 ad
299 1657 395 1697 sein
419 1656 604 1706 Sabinos,
621 1666 662 1696 ut
685 1670 736 1696 ex
759 1656 846 1710 ipso
864 1656 1140 1706 audiebamus,
1156 1657 1288 1696 uisere
1307 1670 1372 1696 so-

143 1728 279 1778 lebat3
312 1727 419 1781 apud
454 1741 574 1781 quem
608 1727 673 1767 ille
711 1727 860 1767 sedens
893 1727 1146 1777 Samnitium,
1171 1728 1373 1781 quondam

145 1800 333 1850 hostium,
355 1809 440 1840 tum
474 1800 553 1840 iam
587 1800 791 1840 clientium
827 1814 1002 1850 suorum,
1027 1800 1130 1840 dona
1164 1800 1374 1854 relegaue-

149 1881 221 1912 rat.
284 1870 453 1911 Nonius
475 1885 562 1912 uoc.
586 1871 713 1926 apud.
738 1871 762 1895 ᾗ
788 1871 812 1895 ÷÷

208 1941 374 1984 XXIX.
401 1974 410 1983 .
437 1974 446 1983 .
473 1974 483 1983 .
507 1944 604 1984 Asia
641 1943 709 1983 Ti.
746 1942 984 1984 Gracchus:
1014 1943 1292 1997 perseuerauit
1337 1943 1376 1983 in

151 2014 332 2055 ciuibus:
365 2015 566 2054 sociorum
601 2015 852 2068 nominisque
874 2015 981 2055 latini
1009 2015 1095 2073 iura
1116 2014 1295 2068 neglexit
1328 2027 1375 2055 ac

152 2084 332 2126 foedera.
396 2084 516 2134 Quae
532 2086 562 2126 si
579 2086 829 2127 consuetudo
845 2100 891 2126 ac
914 2086 1072 2128 licentia
1095 2100 1258 2126 manare
1281 2100 1377 2127 coe·

151 2156 255 2211 perit
275 2157 404 2207 latius,
427 2158 721 2213 imperiumque
744 2168 922 2198 nostrum
957 2159 1007 2198 ad
1043 2158 1124 2199 uim
1147 2173 1170 2199 a
1191 2159 1275 2198 iure
1297 2168 1378 2198 tra-

153 2229 327 2279 duxerit,
351 2238 394 2269 ut
415 2231 480 2284 qui
504 2230 635 2272 adhuc
658 2231 862 2272 uoluntate
896 2230 1010 2271 nobis
1043 2230 1274 2280 oboediunt,
1297 2239 1378 2270 ter-

153 2317 244 2346 rore
265 2312 502 2356 teneantur3
534 2305 606 2347 etsi
629 2305 756 2357 nobis,
781 2305 846 2361 qui
868 2305 909 2347 id
947 2305 1086 2347 aetatis
1120 2319 1270 2355 sumus,
1294 2304 1379 2346 eui-
