1611 2708
683 261 829 292 LIBER
867 260 897 290 1.
1341 237 1402 282 13

180 366 280 427 'ipsis
300 384 418 412 mane
441 372 492 413 ad
514 385 606 412 eum
628 372 779 425 primus
812 368 956 410 sororis
982 367 1084 408 filius
1105 365 1215 405 uenit
1236 362 1293 412 Q.
1315 361 1404 402 Tu-

184 445 297 494 bero,
321 458 441 499 quem
463 457 556 484 cum
589 442 757 486 comiter
793 440 930 493 Scipio
965 436 1247 493 appellauisset
1279 434 1406 474 1111611-

184 525 326 568 terque
349 514 540 563 uidisset3
572 511 667 566 quid
701 520 757 560 tu,
780 510 931 563 inquid,
954 519 1029 551 tam
1053 521 1188 566 mane*
1205 502 1406 546 Tubero?

187 585 349 626 Dabant
370 584 476 623 enim
498 583 574 622 hae
598 581 721 622 feriae
742 581 812 621 tibi
833 588 1100 634 opportunam
1123 591 1217 618 sane
1241 574 1411 616 faculta-

183 666 268 696 tem
303 654 353 694 ad
388 653 649 708 explicandas
682 661 769 692 tuas
803 651 967 691 litteras.
1041 649 1152 689 Tum
1186 648 1279 688 ille:
1312 645 1409 686 mihi

187 739 285 766 uero
307 739 426 765 omne
447 734 606 778 tempus
628 732 689 764 est
710 722 760 763 ad
783 735 896 762 meos
917 721 1039 761 libros
1060 733 1263 769 uacuum3
1294 730 1411 757 num-

139 792 145 797 ’
189 811 310 852 quam
331 797 438 836 enim
461 804 550 835 sunt
576 795 628 835 illi
661 793 875 848 occupati3
906 801 945 832 te
981 801 1115 831 autem
1147 800 1413 844 permagnum

185 876 250 907 651
269 867 445 906 nancisci
468 867 652 915 otiosum,
675 865 752 904 hoo
786 863 1022 919 praesertim
1055 871 1165 902 motu
1199 860 1256 900 rei
1284 858 1414 914 publi-

189 951 279 978 cae.
341 937 452 977 Tum
488 936 639 990 Scipio,
664 935 784 989 adqui
818 944 958 975 nactus
993 948 1050 983 eS,
1074 933 1146 973 sed
1180 929 1414 972 mehercule

190 1009 419 1048 otiosiorem
453 1021 577 1062 opera
612 1021 731 1061 quam
766 1006 913 1046 animo.
977 1004 1033 1045 Et
1065 1005 1144 1054 ille,
1169 1013 1208 1043 at
1240 1013 1281 1043 tu
1318 1014 1416 1041 vero

193 1079 368 1119 animum
392 1092 551 1133 quoque
587 1078 747 1118 relaxes
780 1086 936 1131 oportet
952 1091 963 1127 3
996 1089 1134 1116 sumus
1156 1074 1263 1114 enim
1289 1071 1416 1120 multi,

191 1160 234 1190 ut
255 1151 545 1199 constituimus,
568 1149 709 1204 parati,
733 1149 764 1189 si
797 1158 866 1188 tuo
901 1147 1117 1193 commodo
1150 1145 1237 1186 fieri
1271 1151 1416 1198 potest,

194 1223 301 1262 abuti
323 1232 458 1262 tecum
480 1222 558 1262 hoe
580 1219 932 1261 otia—Libenter
958 1232 1024 1259 me
1058 1232 1169 1267 vero,
1192 1225 1235 1270 ut
1269 1213 1417 1269 aliquid

195 1292 409 1346 aliquando
431 1292 482 1332 de
506 1291 712 1332 doctrinae
735 1291 873 1330 studiis
896 1289 1200 1330 admoneamur.

253 1362 310 1403 X.
363 1362 473 1402 Tum
507 1362 587 1411 ille,
610 1362 671 1402 uis
696 1375 746 1401 ne
769 1362 900 1414 igitur,
925 1361 1112 1414 quoniam
1147 1369 1188 1399 et
1220 1373 1286 1400 me
1322 1372 1420 1413 quo-

196 1432 414 1473 dammodo
454 1432 611 1481 inuitas,
650 1441 690 1471 et
730 1432 785 1471 tui
828 1445 942 1486 spem
985 1432 1071 1481 das,
1111 1431 1190 1471 hoc,
1231 1431 1420 1485 primum,

195 1502 402 1553 Africane,
436 1502 662 1552 uideamus,
698 1511 788 1542 ante
832 1517 952 1556 quam
995 1502 1160 1542 ueniunt
1201 1502 1265 1552 ali,
1303 1502 1420 1556 quid-

195 1590 289 1615 nam
311 1575 360 1614 sit
381 1575 432 1614 de
454 1574 528 1614 isto
551 1574 676 1613 altero
709 1573 793 1614 sole
829 1573 936 1627 quod
970 1574 1193 1614 nuntiatum
1216 1583 1276 1614 est
1297 1574 1336 1613 in
1359 1586 1422 1613 56-

196 1644 323 1686 natu?
355 1658 487 1698 neque
511 1645 616 1684 enim
636 1644 756 1698 *pauci
778 1658 911 1698 neque
934 1644 1046 1684 leues
1069 1654 1159 1685 sunt
1181 1645 1245 1698 qui
1277 1659 1319 1685 se
1343 1644 1424 1685 duo

198 1717 304 1757 soles
325 1710 474 1756 uidisse
497 1715 658 1766 dicant3
690 1724 733 1755 ut
752 1729 831 1755 non
865 1725 947 1755 tam
981 1716 1083 1756 fides
1116 1730 1194 1756 non
1221 1715 1423 1765 habenda,

201 1801 321 1840 quam
342 1786 441 1826 ratio
464 1786 696 1839 quaerenda
733 1787 795 1827 sit.
859 1785 941 1827 Hic
965 1783 1254 1841 Scipio,'quam
1276 1787 1425 1827 uellem

200 1856 440 1898 Panaetium
475 1866 654 1896 nostrum
687 1857 896 1898 nobiscum
938 1858 1195 1908 haberemus,
1231 1859 1296 1913 qui
1331 1873 1425 1899 cum

199 1937 337 1968 cetera
357 1937 442 1967 tum
464 1928 566 1968 haec
588 1928 779 1968 caelestia
792 1929 858 1968 uel
873 1929 1160 1970 studiosissime
1183 1930 1284 1971 solet
1302 1945 1426 1985 quae-

200 2013 304 2040 rere.
369 1998 454 2039 Sed
493 2013 583 2052 ego,
618 1999 800 2049 Tubero,
836 2014 929 2040 nam
966 2009 1102 2041 tecum
1140 2011 1278 2056 aperte
1318 2002 1426 2056 quod

201 2070 327 2110 sentio
348 2070 502 2124 loquar,
524 2085 603 2110 non
624 2071 740 2110 nimis
763 2070 964 2111 adsentior
986 2073 1025 2112 in
1046 2073 1154 2113 omni
1180 2073 1254 2113 isto
1277 2087 1426 2127 genere

202 2150 337 2181 nostro
359 2140 412 2180 illi
434 2140 630 2191 familiari,
647 2142 712 2195 qui
737 2156 839 2196 quae
862 2143 931 2183 uix
953 2127 1186 2185 coniectura
1207 2145 1338 2199 qualia
1353 2145 1429 2185 sint

201 2225 415 2266 possumus
437 2213 643 2266 suspicari,
666 2213 722 2254 516
746 2214 942 2265 adfirmat,
966 2225 1009 2255 ut
1029 2217 1155 2257 oculis
1188 2231 1236 2257 ea
1259 2230 1426 2258 cernere

202 2283 386 2325 uideatur
408 2293 475 2325 aut
494 2293 665 2325 tractare
698 2285 816 2340 plane
850 2301 986 2328 manu.
1049 2286 1145 2336 Quo
1175 2288 1295 2332 etiam
1322 2289 1428 2344 sapi»

612 2358 640 2395 2
