1611 2708
247 267 336 313 104
659 283 721 314 DE
759 282 821 314 RE
858 282 1067 314 PVBLch

196 433 203 441 ,
241 391 402 445 gilatum
426 391 509 432 fere
534 401 595 443 st3
626 400 761 432 tamen
796 392 846 432 de
880 393 1049 447 posteris
1083 392 1225 432 nostris
1252 399 1292 433 ct
1326 393 1376 432 de
1398 393 1464 433 illa

240 463 533 503 immortalitate
576 463 632 502 rei
675 464 859 517 publicae
902 464 1089 505 sollicitor
1110 478 1119 502 ε
1165 477 1267 517 quae
1310 473 1465 517 poterat

240 547 330 574 esse
353 543 547 587 perpetua
570 534 600 573 si
622 535 743 588 patris
766 535 968 575 uiueretur
990 535 1172 575 institutis
1195 545 1234 574 ct
1256 535 1445 574 moribus.

299 603 443 644 XXX.
491 604 610 652 Quae
631 619 723 659 qum
748 607 913 646 dixisset
935 607 1114 656 Laelius,
1131 607 1202 647 etsi
1225 620 1379 655 omnes,
1397 603 1464 660 qui

239 675 419 725 aderant,
436 676 710 729 significabant
732 679 780 717 ab
799 692 847 718 eo
866 692 908 718 se
931 692 1020 718 esse
1044 678 1262 718 admodum
1286 678 1463 718 delecta-

239 754 327 796 tos;
349 754 483 785 tamen
506 757 664 800 praeter
687 757 844 788 ceteros
868 749 1019 802 Scipio,
1036 749 1147 802 quasi
1171 749 1344 802 quodam
1368 763 1464 801 gau-

240 817 306 857 dio
330 818 483 869 elatus;
505 819 648 859 multas
669 829 710 859 tu
735 821 912 874 quidem,
928 821 1066 874 inquit,
1082 820 1212 870 Laeli,
1229 834 1349 874 saepe
1369 835 1464 860 cau-

240 902 303 928 sas
326 889 379 928 ita
401 888 628 940 defendisti,
652 899 694 929 ut
728 904 803 943 ego
837 905 915 930 non
949 892 1071 933 modo
1105 900 1239 930 tecum
1277 890 1465 931 Seruium

240 958 413 999 Galbam
437 960 633 1014 collegam
656 970 848 1011 nostrum,
865 976 984 1016 quern
1003 972 1043 1002 tu
1068 961 1199 1016 quoad
1223 962 1323 1001 uixit
1336 962 1464 1001 omni-

240 1032 314 1072 bus
337 1033 624 1089 anteponebas,
648 1048 789 1073 uerum
817 1049 867 1073 ne
892 1035 1101 1075 atticorum
1137 1035 1299 1089 quidem
1334 1044 1465 1075 orato-

239 1117 327 1142 rum
350 1117 594 1158 quemquam
618 1114 685 1144 aut
707 1104 904 1145 suauitate
929 1136 1084 1146 .....

560 1219 793 1250 Desiderantur
808 1221 947 1260 paginae
963 1221 1142 1251 duodecim.

297 1319 413 1361 Duas
436 1321 508 1360 sibi
530 1335 595 1362 res
618 1322 828 1376 quominus
850 1322 889 1361 in
910 1322 1051 1376 vulgus
1074 1332 1113 1363 et
1134 1323 1173 1362 in
1197 1322 1281 1363 foro
1296 1324 1463 1375 diceret,

238 1393 522 1433 confidentiam
561 1403 600 1434 et
633 1407 793 1444 uocem,
818 1393 1009 1434 defuisse.
1071 1394 1240 1435 Nonius
1262 1410 1348 1436 uoc.
1373 1411 1464 1438 con-

226 1463 419 1518 fidentia.

296 1535 460 1577 XXXI.
487 1567 496 1576 .
524 1567 533 1575 .
561 1568 569 1576 .
594 1546 814 1590 reportare.
879 1536 990 1591 Ergo
1014 1537 1122 1577 illum
1145 1551 1229 1577 rem
1253 1538 1403 1592 populi,
1422 1538 1462 1578 id

238 1615 297 1646 est
319 1620 403 1647 rem
426 1607 643 1660 publicam,
667 1608 753 1661 quis
789 1607 942 1647 diceret
977 1618 1061 1648 tum
1096 1623 1188 1648 cum
1226 1610 1462 1649 crudelitate

236 1677 352 1717 unius
394 1679 574 1731 oppressi
617 1688 752 1718 essent
789 1677 995 1718 uniuersi?
1028 1692 1160 1732 neque
1199 1688 1305 1719 esset
1339 1695 1462 1719 unum

237 1748 440 1788 uinculum
463 1750 571 1799 iuris,
587 1763 662 1788 nec
680 1763 900 1789 consensus
922 1763 969 1789 ac
992 1749 1164 1790 societas
1186 1760 1338 1799 coetus,
1356 1751 1463 1804 quod

236 1828 299 1859 cst
320 1820 504 1874 populus.
568 1820 703 1874 Atque
738 1821 815 1860 hoc
845 1820 953 1860 idem
979 1820 1205 1874 Syracusis.
1268 1821 1377 1875 Urps
1400 1822 1466 1862 illa

233 1892 458 1944 praeclara,
482 1905 600 1945 quam
629 1892 681 1931 ait
714 1891 911 1932 Timaeus
941 1906 1177 1945 graecarum
1212 1907 1460 1943 maxumam,

234 1961 412 2001 omnium
451 1971 585 2002 autem
609 1976 696 2002 esse
720 1963 1046 2016 pulcherrimam,
1071 1977 1142 2003 arx
1165 1963 1345 2012 uisenda,
1369 1977 1462 2017 por-

232 2042 295 2072 tus
318 2047 444 2087 usque
467 2034 505 2073 in
529 2035 635 2073 sinus
653 2034 811 2088 oppidis
826 2043 864 2073 et
887 2034 937 2074 ad
956 2033 1063 2074 urbis
1085 2034 1313 2087 crepidines
1329 2032 1460 2084 infusi,

234 2103 324 2143 uiae
347 2104 464 2153 latae,
487 2105 678 2158 porticus,
702 2105 866 2159 templa,
884 2106 1000 2155 muri,
1016 2104 1137 2144 nihilo
1160 2105 1287 2158 magis
1310 2105 1461 2145 efficie-

232 2175 340 2225 bant,
364 2176 560 2230 Dionysio
583 2186 759 2227 tenente,
779 2185 819 2216 ut
842 2186 948 2216 esset
970 2177 1035 2217 illa
1056 2190 1120 2217 res
1142 2177 1302 2230 publica
1323 2191 1332 2216 :
1364 2176 1460 2216 nihil

233 2248 338 2286 enim
363 2248 512 2302 populi,
536 2257 575 2288 et
609 2248 723 2288 unius
757 2257 842 2287 crat
876 2248 1045 2301 populus
1082 2247 1182 2301 ipse.
1247 2246 1358 2301 Ergo
1392 2247 1458 2286 ubi

232 2329 423 2373 tyrannus
445 2329 518 2370 est,
541 2320 593 2360 ibi
615 2334 694 2361 non
729 2320 927 2370 ustiosam,
950 2329 992 2361 ut
1025 2319 1110 2360 heri
1146 2318 1346 2369 dicebam,
1369 2317 1456 2367 sed,
