1611 2708
668 201 813 240 'LIBER
850 209 880 239 1.
1313 193 1370 238 21

162 317 385 378 fortunatus
413 318 625 372 putandus,
660 319 724 358 cui
759 319 830 358 soli
863 330 959 358 uere
994 317 1112 358 liceat
1145 316 1277 357 omnia
1297 328 1376 356 non

162 391 378 438 Quiritium
401 399 461 429 set
483 389 718 442 sapientium
741 389 825 428 iure
846 403 919 443 pro
942 389 1021 430 suis
1042 388 1273 429 uindicare!
1300 397 1378 427 nec

162 462 266 501 ciuili
288 474 408 510 nexo,
442 459 512 499 sed
536 459 737 499 communi
763 459 852 512 lege
875 469 1038 500 naturae
1063 473 1166 514 quae
1188 468 1297 500 uetat
1318 458 1378 498 ul-

160 534 237 573 iam
261 547 344 573 rem
380 546 467 572 esse
501 533 736 586 cuiusquam
767 532 840 572 nisi
863 532 948 572 eius
971 533 1036 586 qui
1070 542 1239 573 tractare
1263 542 1302 573 et
1323 532 1379 572 uti

160 605 284 656 sciat:
327 604 391 658 qui
434 604 586 658 inperia
626 603 933 657 consulatusque
975 612 1129 643 nostros
1162 605 1200 643 in
1237 618 1379 644 neces-

161 676 272 715 §ariis
313 689 391 715 non
433 675 471 714 in
514 675 752 729 expetendis
792 675 926 723 rebus,
968 675 1145 714 muneris
1188 673 1378 727 fungendi

159 746 284 799 gratia
318 745 560 799 subeundos,
582 759 661 785 non
693 745 963 799 praemiorum
987 754 1053 784 aut
1086 745 1234 798 gloriae
1258 758 1380 784 causa

160 816 410 869 adpetendos
444 824 555 869 putet
573 828 582 854 :
615 816 681 869 qui
716 816 890 870 denique
925 806 968 855 ut·
988 815 1224 855 Africanum
1259 825 1380 855 auum

159 900 295 927 meum
330 886 464 926 scribit
497 885 603 926 Cato
637 886 793 926 solitum
828 900 916 926 esse
941 886 1091 935 dicere,
1126 886 1251 940 possit
1271 886 1380 926 idem

161 958 212 998 de
235 971 277 998 se
300 957 551 1012 praedicare,
572 971 791 1011 numquam
815 971 856 997 se
879 957 968 1011 plus
986 971 1120 1011 agere,
1145 971 1264 1011 quam
1286 956 1382 997 nihil

160 1043 254 1069 cum
277 1038 440 1083 ageret3
463 1041 681 1082 numquam
704 1029 834 1068 minus
857 1028 984 1069 solum
1007 1043 1112 1078 esse,
1146 1042 1265 1082 quam
1288 1041 1381 1068 cum

160 1100 267 1140 solus
290 1108 409 1140 esset.
473 1098 577 1146 Quis
599 1099 705 1140 enim
719 1108 858 1153 putare
882 1113 978 1140 uere
998 1108 1126 1154 potest
1146 1099 1234 1153 plus
1252 1100 1381 1153 egisse

160 1170 401 1225 Dionysium
423 1180 506 1210 tum
528 1184 622 1210 cum
643 1171 776 1210 onmia
790 1170 993 1210 moliendo
1015 1171 1205 1224 eripuerit
1227 1171 1383 1210 ciuibus

161 1243 241 1283 suis
274 1243 512 1292 libertatem,
548 1256 667 1296 quam
690 1242 776 1282 eius
810 1242 942 1282 ciuem
964 1241 1256 1281 Archimedem
1288 1255 1382 1281 cum

158 1314 274 1353 istam
295 1314 422 1366 ipsam
445 1313 671 1366 sphaeram,
699 1312 794 1352 nihil
816 1326 909 1352 cum
932 1325 1052 1365 agere
1086 1312 1306 1361 uideretur,
1330 1312 1382 1351 de

161 1397 237 1438 qua
259 1383 381 1423 modo
396 1383 619 1432 dicebatur,-
641 1381 852 1422 effecerit?
886 1381 990 1429 Quis
1012 1392 1145 1422 autem
1160 1397 1238 1422 non
1255 1383 1385 1436 inagis

160 1454 264 1495 solos
287 1468 375 1494 esse
400 1454 466 1508 qui
487 1453 526 1493 in
547 1452 634 1493 foro
655 1453 850 1507 turbaque
870 1453 1031 1506 quicum
1054 1453 1240 1507 conloqui
1262 1453 1384 1494 libeat

102 1516 104 1518 V
158 1539 236 1566 non
269 1525 456 1574 habeant,
492 1537 611 1578 quam
646 1524 712 1578 qui
733 1523 841 1563 nullo
864 1524 1010 1574 arbitro
1043 1523 1110 1563 uel
1132 1537 1270 1564 secum
1306 1524 1381 1579 ipsi

161 1596 384 1650 loquantur,
407 1594 472 1635 uel
507 1594 618 1649 quasi
641 1594 961 1634 doctissimorum
994 1593 1201 1635 hominum
1223 1595 1263 1635 in
1285 1609 1383 1635 con-

161 1667 251 1706 cilio
275 1666 403 1716 atsint‚
426 1680 518 1706 curn
553 1679 692 1705 eorum
714 1666 884 1705 inuentis
919 1665 1155 1720 scribtisque
1179 1680 1221 1706 se
1244 1666 1383 1707 oblec-·

162 1735 277 1777 tent?
340 1734 443 1783 Quis
470 1749 566 1775 uero
590 1728 814 1775 diuitiorem
838 1749 1081 1789 quemquam
1112 1745 1238 1789 putet,
1262 1750 1382 1790 quam

161 1821 253 1847 eum
276 1805 340 1847 cui
373 1807 469 1846 nihil
491 1806 606 1856 desit,
642 1806 750 1860 quod
773 1806 936 1860 quidem
969 1816 1110 1846 natura
1144 1806 1382 1847 desideret?

161 1887 228 1918 aut
248 1877 513 1932 potentiorem
536 1891 655 1931 quam
677 1876 801 1926 illum,
835 1877 900 1931 qui
922 1877 1055 1917 omnia
1078 1891 1180 1931 quae
1203 1881 1382 1932 expetat,

160 1947 458 2003 consequatur?
492 1957 558 1988 aut
578 1948 799 1988 beatiorem
835 1962 954 2002 quam
977 1948 1043 2002 qui
1078 1948 1126 1989 sit
1159 1949 1266 1988 omni
1287 1962 1382 2004 per·-

159 2019 381 2059 turbatione
397 2019 515 2059 animi
537 2018 756 2059 liberatus?
780 2028 847 2059 aut
869 2019 1042 2059 firmiore
1065 2018 1236 2069 fortuna,
1262 2034 1382 2074 quam

162 2089 227 2144 qui
250 2103 298 2129 ea
319 2089 532 2142 possideat,
567 2103 669 2143 quae
692 2103 846 2140 secum,
869 2099 912 2129 ut
934 2090 1054 2140 aiunt,
1087 2091 1151 2130 vel
1175 2105 1196 2130 e
1219 2089 1382 2131 naufra-

162 2161 227 2214 gio
248 2160 372 2215 possit
393 2159 562 2200 ecferre.
626 2159 750 2208 Quod
794 2170 927 2201 autem
950 2160 1176 2215 imperium,
1210 2161 1275 2215 qui
1297 2176 1382 2202 ma-

163 2231 360 2287 gistratus,
385 2230 490 2286 quod
513 2244 678 2285 regnum
699 2240 832 2288 potest
849 2245 937 2272 esse
960 2233 1238 2287 praestantius,
1263 2246 1381 2289 quarn
