1611 2708
254 215 316 262 36
657 231 719 261 DE
757 230 819 260 m:
857 231 1065 262 PvssLch

251 338 324 380 mis
358 337 529 379 laudem.
592 338 637 378 In
663 338 855 394 primo&
836 353 977 380 (tenere
1014 349 1143 380 tamen
1165 340 1274 395 quod
1306 342 1381 382 hoc
1417 343 1474 382 lo—

252 425 302 452 co
325 409 559 464 appellanti,
592 411 766 451 occurrit
786 409 933 451 nom'en
968 411 1092 465 quasi
1088 410 1272 466 panium
1294 400 1412 465 legis,
1435 422 1477 452 ut

253 494 306 522 ex
329 495 371 521 se
395 481 495 521 natis
518 482 571 521 ita
592 483 834 522 consulentis
857 483 936 523 suis
959 483 1128 532 ciuibus,
1161 492 1199 522 et
1223 496 1293 523 eos
1315 497 1476 523 consel-

253 552 382 592 uantis
416 551 631 594 studiosius
666 560 785 607 quam
820 554 1037 608 redigentis
1071 553 1115 594 in
1148 553 1413 594 seruitutem:
1435 560 1479 593 ut

251 638 347 665 sane
388 623 529 666 utilius
570 624 621 665 sit
649 624 920 680 facultatibus
962 632 998 665 et
1039 631 1164 665 mente
1205 624 1371 679 exiguos
1414 639 1479 664 su-

254 696 417 737 stentari
439 697 553 737 unius
571 697 709 750 optimi
732 706 771 736 et
793 697 937 737 summi
956 697 1027 735 uiri
1051 696 1268 750 diligentia.
1321 696 1481 735 Adsunt

254 768 480 822 optimates,
504 769 570 822 qui
586 782 628 808 se
651 768 794 808 melius
810 768 888 808 hoc
911 768 1020 807 idem
1044 766 1179 807 faeere
1194 766 1481 821 profiteantur3

253 840 423 894 plusque
446 838 531 879 sore
568 839 702 879 dicant
723 840 761 879 in
795 839 974 893 pluribus
996 839 1148 879 consilii
1184 852 1303 893 quam
1326 839 1364 878 in
1386 852 1480 887 uno,

256 921 295 952 et
318 911 490 951 eandem
512 904 646 952 tamen
670 911 912 966 aequitatem
936 921 976 951 et
1006 911 1144 951 fidem.
1208 909 1323 951 Ecce
1347 920 1481 950 autem

255 983 433 1022 maxima
455 996 557 1022 uoce
575 982 722 1023 clamat
743 983 914 1037 populus
928 996 1059 1037 neque
1084 996 1125 1022 se
1148 982 1214 1022 uni
1230 995 1361 1036 neque
1384 996 1482 1036 pau-

256 1054 313 1093 cis
336 1053 440 1093 uelle
463 1067 635 1107 parere3
662 1054 843 1094 libertate
878 1068 928 1094 ne
952 1053 1045 1094 seris
1069 1054 1232 1108 quidem
1268 1054 1483 1107 quicquam

256 1138 345 1165 esse
381 1125 564 1177 dulcium
598 1126 675 1166 hac
709 1140 849 1166 omncs
884 1140 1024 1166 carere
1048 1127 1132 1166 siue
1155 1126 1238 1179 regi
1275 1126 1359 1165 siue
1382 1125 1484 1179 opti-

256 1197 427 1236 matibus
449 1198 639 1237 seruiant.
701 1197 762 1237 Ita
779 1198 943 1237 caritate
966 1212 1038 1237 nos
1055 1198 1217 1251 capiunt
1234 1211 1365 1250 reges,
1389 1210 1484 1237 con·

256 1268 342 1308 silio
364 1268 590 1322 optimates,
612 1268 794 1308 libertate
817 1268 953 1322 populi
971 1283 980 1307 z
1003 1278 1045 1308 ut
1066 1269 1105 1308 in
1127 1267 1386 1322 conparando
1410 1265 1484 1308 dis-

256 1340 361 1380 ficile
386 1340 436 1380 ad
459 1340 690 1395 eligendum
713 1340 761 1381 sit
784 1340 877 1394 quid
901 1340 1078 1379 maxime
1101 1339 1216 1380 uelis.
1250 1338 1305 1379 L.
1331 1337 1484 1387 Credo,

258 1411 394 1464 inquit,
419 1412 490 1450 sed
514 1411 698 1465 expediri
731 1425 834 1464 quae
857 1419 1006 1450 restant
1028 1411 1096 1450 uix
1118 1420 1319 1465 poterunt,
1355 1410 1385 1450 si
1408 1410 1486 1449 hoc

258 1482 486 1522 incohatum
511 1483 734 1537 reliqueris.

314 1552 520 1594 XXXVI.
558 1553 603 1594 S.
628 1554 835 1594 Imitemur
854 1568 949 1608 ergo
967 1555 1153 1605 Aratum,
1178 1555 1242 1609 qui
1258 1554 1412 1608 magnis
1435 1553 1485 1593 de

257 1625 377 1665 rebus
400 1626 536 1665 dicere
561 1626 791 1676 exordiens,
816 1641 838 1665 a
860 1626 956 1666 Ioue
980 1627 1253 1680 incipiendum
1276 1636 1401 1680 putat.
1430 1624 1485 1665 L.

257 1696 353 1745 Quo
378 1697 507 1737 Ioue?
541 1707 608 1737 aut
631 1698 724 1752 quid
749 1697 869 1737 habet
891 1697 993 1737 illius
1015 1698 1202 1737 carminis
1235 1697 1361 1737 simile
1385 1697 1487 1739 haec

256 1769 414 1810 oratio?
450 1767 496 1809 S.
520 1769 713 1819 Tantum,
737 1769 875 1823 inquit,
899 1779 940 1808 ut
962 1770 1036 1808 rite
1060 1769 1108 1809 ab
1124 1783 1174 1809 eo
1198 1769 1359 1809 dicendi
1381 1768 1487 1822 prin-

257 1842 361 1895 cipia
384 1841 605 1895 capiamus,
642 1855 761 1894 quein
789 1855 912 1880 unum
947 1841 1123 1880 omnium
1164 1841 1332 1880 deorum
1356 1849 1394 1879 et
1417 1839 1489 1878 ho-

257 1912 409 1952 minum
446 1926 584 1966 regem
620 1926 709 1952 esse
744 1926 885 1952 omnes
909 1912 1015 1952 docti
1051 1912 1280 1965 indoctique
1318 1925 1396 1950 uno
1419 1923 1488 1950 ore

257 1984 523 2023 consentiunt.
589 1982 734 2030 Quid?
770 1984 907 2038 inquid
943 1983 1122 2024 Laelius.
1188 1982 1243 2022 Et
1278 1982 1356 2031 ille,
1394 1981 1490 2035 quid

256 2069 400 2095 censes
422 2055 495 2094 nisi
519 2055 625 2108 quod
647 2064 707 2094 cst
730 2064 819 2094 ante
843 2054 1014 2094 oculos?
1061 2054 1158 2094 Siue
1182 2054 1284 2094 hacc
1309 2053 1359 2093 ad
1383 2052 1486 2092 utili-

257 2136 380 2166 tatem
403 2127 508 2166 uitae
532 2127 746 2166 constituta
768 2127 844 2166 sint
879 2140 901 2165 a
922 2126 1167 2180 principibus
1202 2139 1336 2165 rerum
1359 2123 1487 2178 publi-

258 2211 411 2248 carum,
436 2207 477 2237 ut
499 2211 571 2237 rex
595 2206 801 2252 putaretur
823 2212 926 2236 unus
949 2212 1037 2237 esse
1061 2198 1099 2237 in
1122 2197 1250 2246 caelo,
1285 2196 1351 2250 qui
1375 2204 1486 2243 nutu,

260 2278 300 2308 ut
323 2270 375 2309 ait
406 2278 531 2313 totum
554 2269 761 2323 olympum
799 2267 1020 2315 Homerus,
1043 2275 1295 2309 conuerteret
1318 2281 1328 2313 ;
1361 2265 1488 2306 idem·
