1611 2708
194 247 257 293 52
604 263 666 292 DE
704 261 766 291 RE
803 261 1010 293 PvssLch

193 369 257 408 ille
280 369 476 418 uideatur,
500 370 603 408 hanc
626 359 767 409 urbem
790 369 929 409 sedem
953 368 1166 423 aliquando
1188 379 1227 410 et
1249 370 1411 410 domum

194 454 349 481 summo
384 454 472 479 esse
507 440 674 493 imperio
707 441 1004 494 praebituram:
1036 455 1127 480 nam
1154 440 1257 481 hanc
1279 454 1414 480 rerum

193 521 341 551 tantam
363 511 581 564 potentiam
602 526 680 552 non
704 511 830 552 ferme
853 512 1006 553 facilius
1029 513 1104 552 alia
1138 513 1175 552 in
1201 521 1313 567 parte
1336 512 1414 552 Ita·

194 583 268 622 liae
291 582 419 635 posita
440 596 534 637 urps
555 591 692 623 tenere
715 584 919 637 potuisset.

250 652 324 692 VI.
377 652 499 693 Urbis
522 663 654 693 autem
689 654 811 708 ipsius
847 655 980 694 natiua
1012 655 1209 709 praesidia
1239 655 1325 709 quis
1358 664 1417 694 est

195 737 274 764 tam
297 724 529 778 neglegens,
554 725 619 778 qui
641 739 719 764 non
741 725 888 764 habeat
910 725 1041 764 animo
1063 735 1195 765 notata
1217 726 1417 779 planeque

195 796 384 850 cognita?
418 797 531 837 cuius
564 798 597 836 is
631 806 691 837 est
723 806 913 837 tractatus
941 798 1163 850 ductusque
1186 796 1301 846 muri,
1325 810 1418 836 cum

196 870 361 910 Romuli
382 879 466 909 tum
490 870 608 909 etiam
632 870 874 923 reliquorum
902 884 1040 923 regum
1065 870 1263 923 sapientia*
1279 869 1419 909 defini-

194 951 258 981 tus
280 954 331 980 ex
354 941 459 980 omni
494 949 605 994 parte
641 941 774 980 arduis
807 942 1108 995 praeruptisque
1144 940 1354 989 montibus,
1379 949 1422 980 ut

196 1027 298 1051 unus
321 1012 449 1051 aditus
470 1011 537 1065 pui
565 1020 670 1052 esset
692 1011 792 1051 inter
815 1011 1065 1065 Esquilinum
1079 1010 1419 1075 'Quirinalemque

196 1092 374 1122 montem
397 1082 574 1122 maximo
601 1096 746 1136 aggere
770 1083 928 1122 obiecto
954 1082 1061 1122 fossa
1082 1071 1309 1136 cingeretur
1331 1097 1423 1121 uas-

196 1154 374 1194 tissima:
397 1163 514 1206 atque
547 1162 589 1192 ut
611 1154 663 1192 ita
685 1153 834 1192 munita
858 1167 929 1192 arx
952 1153 1210 1193 circumiectu
1235 1154 1360 1193 arduo
1383 1162 1423 1193 et

199 1227 309 1281 quasi
333 1227 573 1267 circumciso
596 1240 694 1266 saxo
716 1227 921 1275 niteretur,
945 1236 986 1265 ut
1009 1226 1127 1265 etiam
1158 1226 1195 1266 in
1231 1226 1294 1265 illa
1320 1212 1425 1265 tem:

199 1308 352 1353 pestate
374 1298 548 1339 horribili
572 1298 701 1351 gallici
737 1298 933 1337 aduentus
966 1297 1176 1337 incolumis
1211 1297 1342 1350 adque
1365 1296 1424 1335 in-

200 1380 304 1410 tacta
346 1369 622 1423 permanserit.
697 1367 938 1421 Locumque
981 1367 1130 1420 delegit
1171 1376 1210 1407 et
1252 1366 1424 1407 sontibus

202 1441 485 1490 abundantem,
510 1448 549 1479 et
574 1440 612 1479 in
635 1438 797 1492 regione
820 1438 1016 1491 pestilenti
1040 1438 1267 1477 salubrem:
1300 1437 1424 1477 colles

203 1512 307 1552 enim
332 1520 433 1560 sunt,
459 1510 523 1563 qui
551 1523 643 1550 cum
676 1508 892 1562 perflantur
914 1508 1002 1563 ipsi,
1024 1517 1107 1548 tum
1131 1507 1315 1547 adferunt
1336 1522 1424 1548 um-

205 1585 313 1623 bram
339 1582 520 1622 uallibus.

261 1653 355 1693 VII.
409 1653 543 1707 Atque
577 1653 678 1693 haec
715 1652 877 1706 quidem
918 1651 1190 1706 perceleriter,
1226 1650 1426 1691 confecit:

204 1740 296 1766 nam
320 1734 357 1765 et
380 1725 521 1764 urbem
544 1724 757 1773 constituit,
782 1737 900 1777 quam
924 1737 945 1762 e
969 1737 1040 1762 suo
1063 1723 1222 1762 nomine
1250 1722 1426 1762 Romam

206 1796 315 1836 iussit
336 1795 530 1835 nominari
548 1809 557 1834 ε
581 1804 619 1834 et
637 1795 687 1834 ad
710 1794 947 1834 firmandam
969 1807 1115 1833 nouam
1134 1793 1334 1833 ciuitatem
1357 1806 1428 1832 no-

207 1881 300 1907 uum
336 1866 539 1920 quoddam
573 1875 612 1905 et
647 1865 877 1918 subagreste
900 1864 1122 1914 consilium,
1151 1864 1221 1904 sed
1257 1864 1306 1903 ad
1341 1878 1428 1903 mu-

206 1938 372 1978 niendas
389 1951 487 1990 opes
509 1936 619 1990 regni
643 1950 688 1976 ac
711 1936 846 1989 populi
869 1935 1081 1991 suilmagni
1103 1934 1272 1974 hominis
1290 1943 1329 1973 et
1349 1934 1428 1974 iam

206 2018 289 2048 tum
312 2008 430 2060 longe
452 2006 700 2060 prouidentis
734 2015 895 2061 secutus
929 2014 1002 2054 est,
1026 2019 1118 2044 cum
1155 2004 1324 2044 Sabinas
1358 2004 1430 2043 ho-

209 2088 320 2119 nesto
342 2086 448 2117 ortas
470 2077 560 2116 loco
582 2076 769 2129 uirgines,
794 2089 896 2129 quae
924 2074 1099 2114 Romam
1133 2074 1317 2113 ludorum
1341 2087 1430 2127 gra-

205 2150 261 2190 tia
282 2148 497 2196 uenissent,
521 2161 620 2201 quos
641 2155 724 2185 tum
746 2147 918 2199 primum
941 2145 1230 2185 anniuersarios
1253 2145 1290 2184 in
1323 2144 1430 2184 circo

210 2220 345 2260 facere
383 2218 626 2267 instituisset,
645 2216 899 2257 consualibus
935 2216 1018 2269 rapi
1056 2215 1182 2265 iussit,
1205 2228 1353 2268 easque
1394 2214 1432 2253 in

211 2291 448 2332 familiarum
500 2289 832 2343 amplissimarum
894 2286 1153 2327 matrimoniis
1204 2283 1429 2326 collocauit.
