1611 2708
650 285 796 318 [ABER
835 288 884 319 11.
1292 281 1348 326 61

133 384 234 428 Post
254 400 347 429 eum
370 388 532 431 Numae
554 390 728 448 Pompili
750 409 876 451 nepos
897 410 950 439 ex
967 398 1046 441 filia
1067 414 1141 442 rex
1164 416 1186 443 a
1207 404 1356 459 populo

132 468 193 499 est
212 459 352 500 Ancus
386 460 564 502 Marcius
595 465 856 507 constitutus:
891 469 1080 526 idemque
1115 473 1165 514 de
1188 475 1356 530 imperio

129 544 202 571 suo
224 531 356 585 legem
378 533 571 573 curiatam
593 534 692 576 tulit.
746 535 830 585 Qui
852 553 944 580 cum
967 541 1134 586 Latinos
1155 546 1261 587 bello
1284 543 1356 589 de-

129 602 303 651 uioisset,
327 601 499 644 adsciuit
520 618 590 646 eos
612 606 650 646 in
683 607 901 651 ciuitatem.
965 613 1114 669 Adque
1136 617 1355 660 idem'Au-

129 672 306 712 entinum
328 682 369 714 et
402 673 591 717 Caelium
613 687 790 720 montem
825 682 1006 725 adiunxit
1026 686 1140 727 urbi:
1174 702 1354 745 quosque

128 756 245 797 agros
266 755 445 799 ceperat,
478 747 635 790 diuisit:
668 760 708 791 et
728 750 848 793 siluas
879 756 1097 798 maritimas
1131 761 1259 802 omnis
1279 776 1354 816 pu-

127 815 291 857 blicauit
325 831 423 871 quas
457 830 647 874 ceperat:
679 832 719 864 et
753 824 803 865 ad
837 827 982 869 ostium
1015 829 1178 895 Tiberis
1212 833 1353 875 urbem

125 887 318 937 condidit,
341 889 574 946 colonisque
606 893 792 937 firmauit.
853 899 989 953 Atque
1011 901 1065 942 ita
1097 916 1190 944 cum
1211 914 1293 947 tres
1315 916 1356 948 et

125 955 261 1010 uiginti
282 960 532 1012 regnauisset
558 977 696 1016 annos,
719 976 780 1007 est
809 979 976 1012 mortus.
1039 972 1149 1015 Tum
1172 975 1352 1028 Laelius,

125 1026 348 1070 laudandus
389 1032 510 1073 etiam
550 1034 624 1076 iste
646 1050 719 1077 rex
735 1053 747 1089 3
781 1040 853 1080 sed
888 1043 1060 1085 obscura
1094 1055 1155 1086 est
1188 1048 1353 1091 historia

124 1110 316 1151 romana3
339 1101 537 1156 siquidem
558 1106 669 1148 istius
689 1110 795 1164 regis
816 1122 984 1155 matrem
1006 1116 1216 1170 habemus,
1240 1121 1352 1175 igno-

123 1182 257 1211 ramus
277 1181 448 1226 patrem.
513 1175 559 1217 S.
592 1178 653 1220 Ita
674 1190 747 1232 est,
769 1183 920 1238 inquit:
953 1188 1024 1228 sed
1047 1198 1273 1245 temporum
1306 1194 1351 1234 il-

122 1240 250 1281 lorum
272 1252 424 1286 tantum
446 1246 531 1287 sere
554 1263 695 1303 regum
717 1253 922 1309 inlustrata
942 1269 1033 1300 sunt
1054 1264 1230 1304 nomina.

180 1311 301 1354 XIX.
337 1315 422 1357 Sed
451 1318 529 1359 hoc
563 1319 653 1362 loco
685 1325 859 1378 primum
881 1329 1039 1372 uidetur
1072 1334 1229 1376 insitiua
1252 1351 1348 1392 qua-

120 1382 213 1424 dam
248 1386 459 1442 disciplina
499 1392 654 1435 doctior
694 1397 801 1440 facta
842 1415 931 1443 esse
967 1405 1120 1448 ciuitas.
1184 1409 1348 1453 Influxit

119 1456 225 1495 enim
258 1472 337 1498 non
371 1463 500 1503 tenuis
535 1466 697 1519 quidam
731 1483 754 1509 e
790 1470 966 1515 Graecia
999 1477 1149 1520 riuulus
1170 1481 1209 1521 in
1241 1483 1346 1524 hanc

114 1527 271 1579 urbem,
299 1531 372 1571 sed
395 1533 757 1581 abundantissimus
780 1544 906 1585 amnis
937 1546 1092 1590 illarum
1117 1551 1346 1608 disciplina-

116 1612 204 1639 rum
227 1609 268 1641 et
289 1603 446 1645 artium.
511 1606 655 1650 Fuisse
678 1613 785 1653 enim
808 1618 1010 1669 quendam
1033 1620 1165 1665 ferunt
1188 1624 1346 1669 Dema-

116 1678 245 1710 ratum
268 1674 507 1717 corinthium
529 1688 570 1719 et
605 1681 756 1724 honore
779 1695 820 1726 et
841 1690 1076 1733 auctoritate
1114 1704 1154 1736 et
1175 1696 1343 1740 fortunis
1364 1697 1370 1706 ⁷

115 1739 232 1781 facile
255 1744 425 1787 ciuitatis
448 1762 544 1789 suae
561 1752 811 1809 principem3
834 1760 901 1813 qui
923 1775 1016 1802 cum
1040 1762 1341 1812 Corinthiorum

83 1797 85 1800 Α
113 1820 325 1866 tyrannum
348 1815 573 1872 Cypselum
605 1822 710 1866 ferre
732 1842 810 1868 non
832 1832 1040 1885 potuisset,
1076 1836 1223 1891 fugisse
1246 1855 1340 1883 cum

112 1897 256 1938 magna
284 1891 456 1940 pecunia
478 1893 635 1946 dieitur,
660 1911 706 1938 ac
730 1913 773 1940 se
795 1904 1010 1946 contulisse
1033 1907 1277 1963 Tarquinios
1300 1914 1339 1954 in

111 1956 253 1997 urbem
271 1957 459 2002 Etruriae
482 1963 818 2012 florentissimam.
872 1973 1063 2031 Cumque
1087 1981 1243 2023 audiret
1266 1985 1338 2025 do-

111 2028 370 2072 minationem
408 2033 576 2090 Cypseli
610 2042 851 2094 confirmari‚
891 2046 1044 2102 defugit
1076 2053 1244 2105 patriam
1277 2056 1337 2096 uir

110 2098 211 2140 liber
234 2115 281 2141 ac
304 2102 427 2156 fortis,
451 2116 491 2147 et
513 2109 688 2153 adscitus
711 2123 771 2155 est
792 2116 891 2157 ciuis
914 2132 937 2158 a
959 2118 1334 2178 Tarquiniensibus,

111 2179 230 2225 atque
263 2173 301 2213 in
335 2188 384 2215 ea
415 2179 575 2222 ciuitate
608 2183 852 2228 domicilium
885 2199 925 2230 et
953 2191 1072 2234 sedes
1105 2196 1331 2239 collocauit.

108 2240 190 2284 Ubi
210 2257 305 2287 cum
328 2247 379 2289 de
408 2251 705 2299 matrefamilias
725 2261 983 2316 tarquiniensi
1015 2265 1095 2307 duo
1118 2267 1218 2310 filios
1237 2284 1331 2326 pro·-

517 2325 542 2364 6
