1611 2708
187 259 273 305 128
583 272 645 302 DE
683 271 745 301 RE
789 270 997 301 PvssLch

174 383 240 424 bili
275 383 449 437 quadam
486 382 768 435 imaginatione
803 381 1042 436 composuit,
1077 379 1267 419 uidelicet
1304 380 1400 420 scite

175 456 415 509 significans,
448 456 551 495 haec
587 469 689 508 quae
713 455 764 494 de
787 455 943 494 animae
976 452 1269 493 immortalitate
1293 452 1404 492 dice-

175 537 310 567 rentur
345 527 556 581 caeloque‚
593 528 916 567 somminantium
954 526 1281 581 philosophorum
1327 539 1405 564 non

177 614 266 639 esse
290 610 519 640 commenta
542 615 618 640 nec
642 600 796 640 fabulas
811 600 1080 649 incredibiles,
1106 614 1203 653 quas
1227 596 1405 652 epicurei

177 672 377 722 derident,
401 672 472 712 sed
496 673 751 726 prudentium
785 673 1052 712 coniecturas.
1116 670 1293 711 Insinuat
1317 669 1406 710 Sci-

180 744 339 798 pionem
374 744 499 793 illum,
544 745 608 797 qui
648 744 893 797 Karthagine
933 744 1141 796 subiugata
1182 755 1408 795 cognomen

179 815 353 856 familiae
375 817 533 870 peperit
567 815 819 865 Africanum,
856 816 947 855 huic
973 815 1151 868 Scipioni
1187 813 1304 853 Pauli
1328 812 1408 852 filio

179 887 330 928 futuras
364 903 386 928 a
409 889 640 943 propinquis
676 890 837 929 insidias
873 898 912 928 et
935 888 1062 928 fatalis
1097 898 1229 927 metae
1254 886 1409 926 denun-

180 960 279 999 tiare
308 961 567 1011 curriculum,
604 961 710 1014 quod
733 961 973 1000 necessitate
1008 973 1266 999 numerorum
1289 958 1327 997 in
1351 956 1409 996 ui-

179 1040 244 1071 tae
268 1031 474 1085 perfectae
497 1042 679 1086 tempora
703 1043 931 1083 coamenti-3
954 1032 1143 1086 ponitque
1167 1031 1276 1070 illum
1300 1038 1410 1069 aeta-

180 1103 228 1142 tis
252 1118 347 1142 suae
372 1104 702 1157 quinquagesimo
725 1119 770 1144 ac
791 1115 906 1144 sexto
929 1118 1032 1143 anno
1055 1113 1133 1143 etc.
1197 1100 1410 1142 Fauonius

180 1173 389 1229 Eulogius
412 1190 545 1215 comm.
569 1175 623 1215 ad
643 1191 767 1217 somn.
794 1175 904 1231 Scip.
924 1176 948 1198 ÷÷
965 1175 990 1198 ÷÷

243 1246 268 1269 ᾗ
285 1247 310 1269 '³⁶
325 1246 398 1287 IV.
433 1247 625 1288 Nonnulli
649 1248 785 1298 nostri,
808 1258 971 1302 propter
1005 1248 1206 1301 quoddam
1231 1246 1413 1301 praecla-

184 1318 383 1358 rissimum
419 1319 610 1372 loquendi
646 1334 771 1373 genus
810 1329 849 1359 et
885 1328 1048 1373 propter
1084 1318 1272 1358 nonnulla
1309 1331 1411 1372 quae

184 1390 383 1430 ueraciter
417 1391 552 1440 sensit,
587 1400 766 1431 amantes
804 1390 1032 1441 Platonem,
1057 1391 1193 1430 dieunt
1227 1405 1320 1430 eum
1344 1389 1413 1429 ali-

186 1461 281 1514 quid
306 1461 432 1501 simile
455 1463 569 1502 nobis
607 1463 726 1503 etiam
750 1463 800 1503 de
835 1473 1082 1503 mortuorum
1120 1463 1413 1503 resurrectione

185 1533 372 1574 sensisse.
436 1533 560 1581 Quod
591 1536 752 1589 quidem
778 1536 833 1575 sic
856 1536 979 1588 tangit
1010 1536 1048 1575 in
1071 1535 1178 1575 libris
1201 1535 1251 1573 de
1275 1548 1317 1573 re
1340 1547 1414 1587 pu-

185 1604 290 1643 blica
322 1603 496 1655 Tullius,
533 1616 575 1645 ut
597 1620 690 1645 eum
724 1606 865 1646 lusisse
903 1607 1047 1660 potius,
1088 1621 1206 1660 quam
1229 1606 1267 1645 id
1307 1604 1415 1658 quod

186 1689 329 1715 uerum
353 1686 474 1725 esset,
498 1677 684 1717 adfirmet
705 1677 842 1717 dicere
875 1678 1065 1718 uoluisse.
1128 1677 1286 1717 Inducit
1309 1676 1415 1716 enim

186 1746 391 1786 hominem
421 1748 634 1799 reuixisse,
673 1758 712 1789 et
732 1763 915 1789 narrasse
940 1750 1138 1803 quaedam
1163 1763 1265 1803 qnae
1289 1749 1416 1802 plato-

187 1818 287 1858 nicis
309 1819 640 1874 disputationibus
662 1823 950 1876 congruebant.
1002 1822 1260 1878 Augustinus
1289 1820 1338 1861 C.
1355 1819 1414 1861 D.

190 1889 342 1932 XXII.
367 1895 437 1932 28.
456 1893 481 1916 ÷÷
498 1893 523 1917 ἥ

250 1963 275 1986 ÷÷
292 1964 316 1987 ’κ
331 1964 384 2004 V.
418 1965 463 2005 In
485 1967 562 2007 hoc
582 1967 646 2007 uel
670 1968 847 2009 maxime
865 1970 998 2023 operis
1013 1969 1310 2009 similitudinem
1335 1983 1418 2008 ser-

189 2035 299 2075 uauit
320 2035 501 2088 imitatio,
525 2039 632 2091 quod
656 2054 748 2079 cum
773 2039 890 2081 Plato
922 2041 961 2080 in
983 2041 1194 2080 uoluminis
1219 2039 1286 2095 (de
1309 2038 1416 2096 rep.)

188 2106 448 2147 conclusione
472 2123 493 2148 a
518 2111 693 2162 quodam
727 2112 833 2151 uitae
856 2112 1028 2162 reddito,
1067 2127 1186 2166 qnam
1210 2112 1418 2166 reliquisse

190 2179 416 2230 uidebatur,
446 2181 612 2222 indicari
636 2183 755 2223 faciat
778 2184 842 2238 qui
866 2185 914 2225 sit
952 2195 1163 2225 exutarum
1186 2185 1424 2239 corporibus

191 2260 314 2291 status
337 2253 574 2304 animarum,
608 2256 766 2296 adiecta
790 2256 963 2310 quadam
997 2257 1258 2311 sphaerarum
1282 2257 1346 2296 uel
1369 2256 1420 2296 si-

192 2322 332 2364 derum
355 2339 433 2365 non
456 2326 592 2367 ociosa
610 2327 907 2383 descriptione;
928 2343 1063 2370 rerum
1086 2328 1210 2370 facies
1232 2344 1310 2369 non
1334 2328 1413 2368 dis-
