1611 2708
218 198 276 242 7²¹6
628 215 690 243 m:
729 214 791 243 m:
829 213 1037 245 PVBLICA

279 321 304 344 Ν
329 321 353 345 >÷
377 321 492 362 XLI.
547 321 667 369 Quae
710 323 900 376 sanguine
944 323 1073 373 alitur,
1112 335 1213 377 quae
1256 325 1294 362 in
1335 337 1441 363 omni

219 394 454 433 crudelitate
473 394 530 433 sic
549 395 734 444 exsultat,
749 404 791 434 ut
808 395 877 434 uix
899 395 1104 434 hominum
1123 393 1278 434 acerbis
1296 392 1442 433 funeri-

219 465 293 504 bus
312 466 487 504 satietur.
551 464 718 505 Nonius
740 480 827 506 uoc.
852 465 1066 506 exsultare.
1093 466 1118 488 ἦ
1143 465 1168 489 ³⁶

283 536 307 558 ÷÷
330 535 356 558 ΝΕ
380 535 543 590 Cupido
561 547 694 577 autem
718 547 757 577 et
779 538 983 592 expetenti
1007 548 1046 578 et
1068 538 1292 578 lubidinoso
1315 546 1355 577 et
1376 550 1447 577 uo-

221 606 440 647 lutabundo
482 608 520 647 in
563 608 845 662 uoluptatibus.
923 608 1034 649 Idem
1074 624 1160 650 uoc.
1204 608 1447 649 uolutabun-

225 678 314 718 (lus.
340 679 365 702 ->÷
390 680 415 702 ÷÷

285 749 310 773 Ν·
335 750 359 774 ÷÷
383 750 619 806 Quartaque
644 752 835 792 anxitudo
858 766 983 806 prona
1006 752 1056 792 ad
1090 752 1240 792 luctum
1265 762 1304 792 et
1337 765 1448 792 mae-

226 837 332 872 rens,
357 837 597 878 semperque
632 824 717 878 ipsa
740 837 781 863 se
806 824 1033 864 sollicitans.
1096 822 1206 863 Idem
1240 837 1327 863 uoc.
1351 837 1452 863 anx-

229 896 354 936 itudo.
381 897 405 919 ÷÷
431 897 455 919 ΝΕ

288 966 312 990 Ν·
337 967 362 981 Ν“
387 967 492 1007 Esse
515 977 648 1008 autem
673 982 855 1022 angores,
880 968 909 1008 si
934 968 1095 1008 miseria
1130 967 1311 1008 adflictas
1335 976 1453 1021 atque

231 1039 406 1079 abiectas
428 1040 636 1079 timiditate
660 1049 700 1079 et
721 1040 892 1093 ignauia.
956 1038 1067 1078 Idem
1089 1053 1175 1078 uoc.
1200 1038 1331 1077 timor.
1357 1038 1381 1061 ἦ
1406 1038 1432 1060 ÷÷

290 1111 314 1134 ’κ’
340 1111 364 1134 Ν·
387 1111 443 1151 Ut
467 1112 603 1165 auriga
633 1112 817 1151 indoctus
855 1125 875 1150 e
914 1125 1033 1150 curru
1063 1110 1242 1160 trahitur,
1266 1109 1455 1163 operitur,

232 1183 402 1232 eliditur,
425 1183 606 1222 laniatur.
670 1182 780 1222 Idem
802 1197 888 1222 voc.
914 1181 1073 1222 elidere.
1100 1182 1124 1205 ÷÷
1149 1182 1174 1205 ΝΕ

291 1254 316 1277 ÷÷
341 1253 365 1276 Ν·
390 1252 692 1293 Concitationes
715 1255 938 1293 animorum
972 1254 1107 1293 iuncto
1140 1254 1272 1294 currui
1309 1254 1458 1294 similes

233 1336 335 1375 sunt,
359 1326 395 1365 in
422 1340 500 1379 quo
522 1334 633 1366 recte
664 1326 914 1366 moderando
949 1340 1150 1365 summum
1184 1327 1351 1366 rectoris
1373 1326 1459 1366 offi-

234 1399 339 1437 vium
364 1407 437 1447 est,
456 1407 498 1437 ut
520 1398 626 1437 uiam
649 1398 831 1437 nouerit:
865 1412 984 1451 quam
1008 1398 1039 1437 si
1061 1398 1225 1446 tenebit,
1243 1398 1462 1451 quamlibet

234 1470 431 1509 concitate
456 1470 555 1519 ierit,
579 1484 657 1509 non
680 1469 883 1509 offendet:
917 1470 946 1508 si
972 1478 1103 1509 autem
1130 1469 1390 1518 aberrauerit,
1414 1469 1460 1509 li-

236 1551 301 1581 cet
322 1541 481 1595 placide
501 1555 547 1580 ac
565 1541 707 1580 leniter
730 1551 793 1580 eat
813 1556 823 1591 3
857 1550 923 1581 aut
945 1554 1016 1595 per
1034 1540 1273 1594 confragosa
1295 1541 1464 1581 uexabi-

236 1624 310 1663 tur,
335 1623 401 1653 aut
423 1628 494 1667 per
516 1614 751 1668 praecipitia
773 1613 941 1663 labetur,
966 1625 1033 1654 aut
1054 1624 1179 1663 certe,
1205 1628 1284 1668 quo
1306 1629 1384 1654 non
1405 1624 1465 1655 est

237 1701 352 1740 opus,
377 1685 595 1726 deseretur.
659 1685 902 1725 Laclantius
926 1685 1017 1725 inst.
1049 1684 1128 1726 VI.
1159 1689 1224 1724 17.
1250 1685 1275 1708 ΝΕ
1299 1685 1325 1708 '³⁶

298 1757 435 1797 XLII.
462 1788 471 1797 .
499 1789 508 1798 .
535 1788 544 1797 .
570 1757 647 1797 dici
682 1758 819 1812 possit.
882 1757 992 1797 Tum
1027 1752 1206 1807 Laelius,
1230 1757 1351 1798 uideo
1385 1759 1467 1799 iam

241 1829 364 1879 illum,
389 1843 509 1883 quem
533 1829 816 1883 expectabam,
839 1828 969 1868 uirum
992 1828 1056 1868 cui
1090 1828 1302 1882 praeficias
1334 1829 1468 1869 officio

242 1911 281 1940 ct
302 1901 472 1941 muneri.
528 1899 637 1940 Huic
671 1900 837 1950 scilicet,
865 1899 1096 1949 Africanus,
1112 1900 1178 1939 uni
1195 1913 1353 1955 paene:
1375 1913 1468 1939 nam

243 1974 280 2013 in
302 1974 380 2012 hoc
404 1972 488 2011 sere
512 1987 590 2012 uno
609 1981 698 2012 sunt
719 1980 870 2021 cetera,
889 1981 931 2011 ut
952 1984 1170 2024 numquam
1193 1984 1216 2010 a
1237 1970 1389 2023 seipso
1412 1970 1471 2009 in-

244 2044 443 2104 stituendo
466 2043 858 2097 contemplandoque
882 2043 1092 2092 discedat3
1125 2051 1166 2081 ut
1200 2041 1249 2081 ad
1286 2041 1471 2081 imitatio-

247 2132 338 2158 nem
362 2100 420 2157 sui
443 2125 564 2157 uocet
586 2115 710 2165 alios;
744 2123 784 2154 ut
807 2127 896 2154 sese
921 2113 1134 2167 splendore
1159 2113 1277 2152 animi
1302 2122 1342 2153 et
1364 2113 1469 2152 uitae

249 2204 343 2230 <uae
367 2189 467 2230 sieut
489 2187 698 2243 speculum
733 2186 925 2241 praebeat
948 2185 1116 2226 ciuibus.
1181 2188 1206 2208 ‘⁴
1225 2183 1281 2225 Ut
1304 2184 1408 2225 enim
1432 2183 1470 2223 in

342 2338 355 2353 1
369 2343 375 2348 ,
