1611 2708
190 276 252 318 28
603 290 664 319 DE
703 290 763 319 RE
803 289 1009 319 PVBLICA

191 399 284 438 iuris
336 411 534 438 consensu
587 407 628 437 et
678 398 852 439 utilitatis
897 398 1178 439 communione
1227 399 1409 437 sociatus.

191 470 292 510 Eius
315 479 449 509 autem
471 469 600 523 prima
621 483 744 510 causa
765 470 938 510 coeundi
976 479 1035 509 est
1071 483 1150 509 non
1184 478 1266 508 tam
1304 469 1415 508 inbe-

190 541 330 581 cillitas
354 554 474 594 quam
496 541 685 580 naturalis
709 541 909 595 quaedam
944 540 1150 580 hominum
1186 539 1297 593 quasi
1320 553 1415 578 con-

190 612 369 665 gregatio
389 625 399 650 ε
421 626 499 652 non
523 621 583 652 est
605 613 711 651 enim
735 612 933 665 singulare
952 625 1028 651 nee
1047 611 1266 664 soliuagum
1290 624 1416 664 genus

190 683 282 732 hoc,
320 691 380 722 set
416 682 470 722 ita
508 692 757 737 generatum,
795 692 838 722 ut
873 696 923 722 ne
962 683 1001 722 in
1037 682 1215 722 omnium
1254 681 1415 736 quidem

191 767 323 793 rerum
348 753 539 795 afiuentict
561 786 569 794 .
592 785 600 794 .
623 785 632 794 .
654 785 663 794 .

556 871 789 902 Dosidcrantur
805 872 944 912 paginae
961 874 1052 904 dune.

197 974 220 996 ÷÷
242 972 266 996 ÷÷
286 971 398 1021 Quid
422 982 481 1013 est
510 987 575 1013 res
596 974 770 1028 publica,
794 974 867 1014 nisi
889 989 954 1015 res
979 975 1114 1030 populi
1133 974 1149 1015 ?
1212 974 1300 1016 Res
1323 985 1417 1028 ergo

192 1045 431 1094 communis,
455 1059 519 1084 res
542 1045 677 1099 utique
701 1045 887 1087 ciuitatis.
951 1045 1063 1094 Quid
1087 1056 1146 1086 est
1164 1055 1297 1086 autem
1320 1046 1418 1085 ciui-

189 1124 264 1164 tas,
295 1115 368 1155 nisi
406 1116 618 1156 multitudo
655 1117 864 1156 hominum
900 1117 938 1156 in
975 1117 1178 1171 quoddam
1214 1117 1419 1156 uinculum

193 1186 357 1225 redacta
409 1187 653 1227 concordiae
673 1187 689 1227 ?
752 1187 875 1242 Apud
919 1203 988 1228 eos
1031 1189 1136 1228 enim
1183 1189 1235 1228 ita
1277 1189 1420 1242 legitur

193 1261 217 1278 “
237 1256 363 1297 Breui
386 1258 597 1298 multitudo
621 1259 801 1312 dispersa
824 1268 942 1313 atque
962 1274 1078 1313 uaga,
1097 1260 1314 1299 concordia
1336 1260 1420 1299 ciu-

191 1329 265 1369 itas
306 1327 413 1369 sacta
455 1329 583 1370 erat.'’
644 1329 904 1385 Augustinus
938 1330 1053 1385 epist.
1105 1328 1420 1371 CXXXVIII.

199 1402 263 1438 lO.
290 1399 315 1421 ’κ
336 1399 360 1422 ÷÷

253 1469 414 1511 XXVI.
437 1502 445 1510 .
468 1502 476 1511 .
500 1503 508 1511 .
529 1471 726 1526 quaedam
771 1473 881 1526 quasi
927 1473 1109 1523 semina3
1155 1486 1287 1529 neque
1330 1473 1421 1513 reli-

196 1557 363 1596 quarum
387 1543 592 1593 uirtutum,
615 1557 690 1583 nec
714 1543 836 1597 ipsius
858 1544 914 1583 rei
952 1544 1137 1598 publicae
1172 1545 1422 1598 repperiatur

196 1613 274 1652 ulla
297 1613 501 1654 institutio.
568 1613 624 1654 Hi
647 1624 787 1654 coetus
809 1615 925 1668 igitur
948 1616 1038 1664 hac,
1063 1616 1113 1655 de
1138 1630 1215 1670 qua
1238 1616 1420 1669 exposui,

195 1700 319 1725 causa
341 1685 501 1725 instituti
526 1685 666 1725 sedem
688 1686 861 1739 primum
885 1696 995 1726 certo
1018 1687 1108 1727 loco
1131 1687 1422 1727 domiciliorum

195 1772 320 1797 eausa
368 1757 684 1808 constituerunt3
738 1761 903 1811 “quam
942 1772 1033 1797 cum
1076 1758 1173 1798 locis
1221 1771 1422 1811 manuque

197 1829 453 1883 saepsissent,
487 1829 683 1869 eiusmodi
723 1829 1044 1869 coniunctionem
1081 1838 1278 1869 tectorum
1311 1829 1423 1883 oppi-

198 1902 294 1940 dum
337 1901 403 1940 uel
444 1901 585 1940 urbem
624 1900 941 1954 appellauerunt,
981 1900 1157 1940 delubris
1197 1899 1423 1939 distinctam

199 1972 415 2027 spatiisque
460 1972 753 2012 communibus.
819 1972 962 2012 Omnis
997 1985 1092 2024 ergo
1134 1970 1318 2024 populus,
1358 1969 1424 2023 qui

200 2054 259 2084 est
281 2043 369 2083 talis
401 2052 541 2083 coetus
575 2043 836 2082 multitudinis
874 2043 1032 2096 qualem
1067 2041 1265 2097 exposuiy,
1296 2040 1424 2080 omnis

202 2115 357 2164 ciuitas,
382 2128 484 2169 quae
509 2123 568 2154 est
605 2114 830 2153 constitutio
867 2113 1001 2167 populi
1022 2112 1060 2164 3”
1092 2112 1220 2152 omnis
1256 2124 1321 2151 res
1352 2124 1424 2163 pu-

201 2188 318 2236 bliea,
359 2200 461 2240 quae
496 2194 538 2224 ut
573 2185 656 2225 dixi
696 2184 832 2239 populi
870 2199 934 2224 res
957 2192 1029 2234 est,
1053 2182 1218 2223 consilio
1252 2181 1426 2235 quodam

204 2259 379 2312 regenda
403 2266 475 2308 est,
493 2266 536 2297 ut
558 2257 741 2297 diuturna
765 2256 825 2296 sit.
889 2255 934 2296 Id
960 2265 1092 2295 autem
1115 2252 1322 2294 consilium
1344 2251 1423 2305 pri-
1474 2246 1490 2272 ²*

203 2344 312 2376 ΠΝΙΠἸ
336 2343 495 2383 semper
523 2329 572 2368 {ld
609 2342 698 2368 eam
736 2341 899 2368 CHUSstn]
933 2326 1190 2368 referendum
1225 2332 1297 2372 est,
1322 2335 1423 2376 quae
