1611 2708
589 217 734 253 LlssER
773 221 844 252 111.
1247 209 1310 254 95

86 330 258 390 [aliena]
283 348 361 374 non
386 330 610 388 [tangere]
675 330 786 379 Quid
809 330 925 386 igitur
947 329 1147 392 efficiturj
1160 330 1225 371 -Si
1247 345 1310 371 sa·

83 408 256 462 pientiae
271 420 428 461 pareas,
452 405 629 454 diuitiae,
647 413 880 458 potestates,
903 418 1014 458 opes,
1034 404 1219 453 honores,
1237 403 1312 443 im-

85 480 208 532 peria,
231 491 368 531 regna,
402 476 467 515 uel
488 475 653 529 priuatis
686 475 750 540 uel
773 475 943 528 populis.
1009 475 1093 530 Slegl
1124 475 1310 530 quoniam

82 551 132 591 de
155 564 198 590 re
221 549 381 603 publica
404 547 617 601 loquimur,
651 556 740 586 sunt
761 547 986 593 inlustriora
1025 561 1126 600 quae
1149 547 1310 601 publico

82 622 205 661 fiunt:
239 620 508 673 quoniamque
544 619 690 659 eadem
725 627 785 658 est
806 617 906 657 ratio
938 618 1032 658 iuris
1067 619 1310 672 intumque,

81 693 131 732 de
153 692 290 746 populi
314 690 508 745 sapientia
538 690 756 730 dicendum
779 698 889 743 puto.
954 688 1010 729 Et
1031 690 1109 730 iam
1132 691 1312 731 omittam

80 763 192 804 alios.
256 761 406 802 Noster
439 762 503 801 hie
525 762 710 816 populus,
734 775 855 815 quern
887 760 1102 802 Africanus
1124 762 1312 802 hesterno

79 850 266 876 sermone
303 850 325 874 a
359 835 480 888 stirpe
516 835 715 888 repetiuit,
751 835 865 875 cuius
898 835 1068 889 imperio
1104 835 1183 874 iam
1205 835 1312 875 orbis

78 918 209 947 terrae
231 916 403 956 tenetur,
437 906 582 946 iustitia
615 921 663 946 an
687 907 881 960 sapientia
903 916 963 947 est
995 921 1016 946 e
1039 907 1203 947 minimo
1225 921 1312 947 oin-1

77 980 188 1020 nium
213 1010 366 1020 .....

120 1097 356 1127 Dcsiderantur
379 1096 518 1136 paginae
542 1106 644 1135 neque
668 1097 738 1135 plus
763 1101 835 1126 octo
858 1106 961 1135 neque
985 1096 1089 1126 minus
1113 1101 1261 1134 quatuor.

138 1198 163 1222 Ψ
181 1199 206 1222 Ψ
222 1198 339 1239 XIII.
374 1198 583 1247 Quantum
602 1213 625 1238 a
646 1198 792 1255 iustitia
814 1199 981 1239 recedat
1003 1199 1161 1248 utilitas,
1184 1212 1312 1252 popu-

79 1269 138 1310 lus
160 1266 246 1324 ipse
284 1285 474 1311 romanus
509 1271 643 1320 (locet,
681 1270 744 1324 qui
780 1285 850 1324 per
885 1270 1049 1311 feciales
1082 1270 1187 1310 bella
1209 1270 1311 1310 indi-

77 1344 224 1393 cendo,
249 1353 289 1383 et
309 1343 485 1397 legitime
509 1344 671 1383 iniurias
694 1342 894 1393 faciendo,
919 1358 1160 1397 semperque
1184 1343 1314 1383 aliena

77 1415 280 1468 cupiendo
303 1424 423 1468 atque
446 1414 656 1468 rapiendo,
690 1414 988 1468 possessionem
1011 1414 1084 1454 sibi
1105 1414 1226 1454 totius
1247 1429 1311 1454 or-

76 1488 136 1528 bis
158 1488 423 1542 comparauit.
487 1486 732 1528 Lactantius
754 1486 848 1527 inst.
880 1486 959 1528 VI.
985 1490 1025 1528 9.
1047 1487 1072 1511 Ψ
1089 1487 1114 1511 Ψ

137 1559 162 1583 Ψ
179 1559 203 1582 Ψ
219 1559 340 1607 Quae
364 1568 455 1599 sunt
476 1559 628 1613 patriae
664 1559 896 1609 commoda,
919 1559 992 1599 nisi
1028 1559 1189 1600 alterius
1211 1560 1311 1600 ciui-

76 1631 165 1671 tatis
198 1639 265 1670 aut
298 1631 426 1684 gentis
460 1630 753 1670 incommoda?
796 1631 834 1670 id
870 1640 930 1671 est
961 1631 1048 1671 finis
1085 1646 1309 1686 propagare

78 1703 163 1743 aliis
198 1702 394 1742 uiolenter
429 1711 603 1755 ereptos,
648 1716 796 1756 augere
832 1702 1059 1756 imperium,
1097 1703 1311 1757 uectigalia

80 1773 215 1814 faeere
238 1773 405 1813 meliora
427 1780 497 1813 etc.
547 1773 686 1828 Itaque
705 1774 807 1813 haec
830 1774 935 1814 bono
959 1774 1135 1830 quisquis
1156 1775 1310 1828 patriae

78 1845 325 1900 adquisierit,
348 1845 426 1885 hoc
450 1855 508 1885 est
531 1846 683 1886 euersis
701 1846 926 1886 ciuitatibus
949 1846 1213 1901 gentibusque
1237 1847 1309 1887 de-

77 1918 166 1958 letis
190 1918 387 1957 aerarium
409 1918 581 1971 pecunia
614 1917 830 1968 referserit,
855 1932 971 1971 agros
1004 1919 1171 1972 ceperit,
1196 1920 1309 1960 ciues

79 2003 172 2030 suos
194 1989 479 2044 locupletiores
504 1989 669 2048 secerit3
701 1990 766 2030 hic
788 1990 973 2030 laudibus
1007 1989 1130 2030 fertur
1152 1990 1191 2030 in
1213 2005 1309 2031 cae—

78 2061 161 2101 lum
177 2076 189 2112 3
224 2061 263 2100 in
285 2061 362 2102 hoc
396 2071 557 2116 putatur
579 2076 736 2102 summa
770 2071 810 2101 et
829 2060 1010 2116 perfecta
1034 2076 1122 2102 esse
1156 2063 1308 2103 uirtus:

79 2133 146 2187 qui
169 2146 280 2172 error
301 2147 381 2173 non
402 2133 524 2173 modo
546 2133 698 2189 populi,
722 2143 761 2173 et
777 2133 1067 2188 imperitorum,
1091 2134 1162 2174 sed
1186 2134 1306 2174 etiam

76 2203 406 2259 philosophorum
430 2213 502 2255 est,
536 2205 602 2259 qui
623 2215 843 2260 praecepta
876 2219 1035 2260 quoque
1059 2205 1154 2246 dant
1176 2205 1227 2246 ad
1248 2205 1306 2246 in—

78 2274 280 2318 iustitiam.
343 2274 588 2317 Lactantius
602 2275 702 2317 inst.
733 2276 776 2318 V
775 2275 813 2318 I.
838 2278 877 2318 6.
896 2276 921 2300 Ψ
938 2276 963 2300 Ψ
