1611 2708
195 162 259 207 76
599 178 662 208 m:
700 178 762 208 RE
799 177 1009 209 PVBLICA

195 286 430 341 reliquisse:
464 297 502 327 et
522 288 694 341 primum
738 298 916 327 montem
947 301 1119 336 sacrum,
1143 287 1243 327 sicut
1277 296 1360 328 erat
1382 289 1419 328 in

195 358 309 398 simili
334 373 456 399 causa
478 367 595 399 antea
616 357 781 408 factum,
809 358 954 399 deinde
981 358 1228 398 Auentinum
1251 366 1417 398 armatos

194 429 385 471 insedisse
409 460 562 470 .....

556 546 791 578 Desiderantur
813 549 953 588 paginae
976 555 1059 579 octo.

257 650 283 672 κ·
306 648 331 672 “³⁶
354 648 562 691 Dictatore
582 650 633 691 L.
655 649 846 698 Quinctio
869 651 990 692 dicto.
1053 650 1345 706 Philargyrius
1369 650 1423 691 ad

203 719 357 776 Gcorg.
381 719 465 761 III.
494 725 589 761 125.
615 721 640 745 ÷÷
665 721 689 744 ⁹⁶

272 824 282 832 .
309 824 318 832 .
341 793 513 834 maiores
535 803 690 834 nostros
728 804 767 834 et
795 795 1029 850 probauisse
1064 796 1240 837 maxime
1264 805 1304 837 et
1332 797 1424 837 reti-

200 865 330 905 nuisse
355 865 646 919 sapientissime
669 866 818 907 iudico.

257 936 504 978 XXXVIII.
559 937 668 979 Cum
706 952 755 978 ea
794 937 931 993 Scipio
974 936 1154 990 dixisset,
1190 937 1425 994 silentioque

197 1009 375 1049 omnium
398 1009 552 1064 reliqua
574 1011 659 1050 eius
687 1020 971 1065 expectaretur
992 1012 1145 1063 orati03
1178 1022 1261 1052 tum
1283 1012 1425 1052 Tube-

201 1097 256 1132 ro,
281 1082 469 1135 quoniam
491 1082 586 1122 nihil
609 1097 660 1122 ex
683 1093 737 1133 te,
760 1082 967 1133 Africam,
990 1083 1029 1123 hi
1052 1084 1225 1124 maiores
1246 1093 1341 1124 natu
1364 1097 1428 1124 re-

201 1153 372 1206 quirunt,
392 1168 443 1193 ex
466 1168 532 1193 mc
556 1154 696 1194 audies
715 1154 809 1208 quid
832 1155 872 1194 in
888 1155 1067 1195 oratione
1090 1164 1157 1195 tua
1181 1156 1427 1197 desiderem.

204 1225 326 1274 Sane,
351 1225 477 1278 iuquit
502 1225 656 1279 Scipio,
681 1235 720 1265 et
748 1226 917 1266 libenter
952 1226 1129 1281 quidem.
1205 1227 1315 1267 Tum
1348 1229 1432 1278 ille,

204 1297 429 1337 {ziudauisse
453 1298 548 1337 mihi
579 1298 729 1338 uideris
763 1307 939 1338 nostram
973 1313 1059 1338 rem
1093 1299 1311 1353 publicam,
1335 1315 1427 1341 cum

203 1384 252 1408 vx
277 1378 315 1409 to
334 1384 413 1409 non
433 1370 483 1408 de
506 1378 654 1418 nostra,
671 1370 743 1409 sed
767 1370 817 1409 de
840 1370 947 1410 omni
972 1385 1013 1410 re
1031 1371 1192 1424 publica
1210 1372 1433 1425 quaesisset

209 1442 382 1481 Laelius.
448 1441 539 1481 Noc
574 1451 710 1481 tamen
746 1441 866 1481 didici
903 1456 954 1481 ex
992 1442 1169 1481 orassonc
1212 1451 1279 1481 tua
1316 1443 1431 1483 istam

204 1515 329 1568 ipsam
364 1528 449 1552 rem
487 1514 703 1564 publicani,
740 1526 858 1566 quam
901 1513 1055 1562 laudas,
1090 1527 1168 1568 qua
1210 1513 1431 1568 disciplina,

205 1587 347 1641 quibus
370 1586 546 1626 moribus
570 1596 636 1626 aut
657 1586 825 1639 legibus,
842 1585 1082 1625 constituere
1107 1585 1172 1624 uel
1189 1598 1432 1626 conseruare

204 1659 418 1713 possimus.

264 1730 474 1771 XXXIX.
529 1729 610 1771 Hic
634 1727 982 1784 Afi·iCanixs,1]11to
1004 1729 1120 1770 nobis
1157 1743 1253 1769 mox
1288 1729 1339 1769 de
1377 1729 1435 1769 in-

213 1804 423 1844 <timendis
447 1812 485 1843 et
509 1803 797 1843 conseruaudis
820 1802 1045 1842 ciuitatibus
1068 1802 1276 1856 aptiorem,
1297 1800 1438 1840 Tube-

208 1891 266 1926 ro,
291 1875 375 1915 sore
404 1875 627 1915 disserundi
663 1875 812 1914 locum.
875 1873 942 1914 Dc
977 1874 1129 1927 optimo
1164 1881 1297 1912 autem
1333 1881 1434 1912 statu

211 1948 399 2002 equidem
434 1947 651 1986 arbitrabar
685 1960 750 1985 me
786 1946 879 1986 satis
913 1945 1168 1999 respondisse
1192 1943 1304 1984 adid
1329 1943 1436 1997 quod

212 2019 439 2074 quaesierat
460 2018 639 2058 Laelius.
695 2016 878 2057 Primum
894 2017 1001 2056 enim
1016 2029 1183 2056 numero
1200 2014 1436 2054 definieram

213 2106 362 2147 genera
383 2092 588 2132 ciuitatum
604 2091 676 2130 tria
698 2089 946 2144 probabilia3
968 2087 1193 2142 perniciosa
1215 2095 1349 2126 autem
1371 2086 1438 2126 tri-

215 2166 286 2205 bus
308 2164 382 2204 illis
409 2163 576 2204 totidem
611 2162 836 2213 contraria3
868 2161 1102 2213 nullumque
1138 2173 1190 2198 ex
1226 2158 1283 2198 eis
1317 2171 1437 2197 unum

216 2251 304 2278 osso
327 2237 549 2292 opthnum3
583 2235 654 2274 sed
690 2234 727 2274 id
764 2242 967 2288 praestare
998 2231 1174 2286 singulis,
1199 2229 1306 2285 quod
1328 2243 1350 2269 e
1372 2228 1438 2272 tri-
