1611 2708
677 230 823 262 LIBER
861 230 911 261 11.
1334 216 1396 264 55

177 340 286 380 Nam
308 349 469 380 centum
491 348 531 381 et
565 349 657 381 octo
678 341 790 381 annis
811 349 1020 394 postquam
1052 338 1265 394 Lycurgus
1286 339 1397 393 leges

177 412 352 453 scribere
388 412 561 462 instituit,
598 412 727 466 prima
758 412 887 466 posita
924 422 984 452 est
1019 412 1244 466 olympias:
1277 424 1398 465 quam

179 485 341 540 quidam
362 483 541 542 nominis)
567 496 701 523 errore
725 483 774 523 ab
805 484 951 523 eodem
984 483 1174 538 Lycurgo
1196 482 1399 523 consititu-

177 564 259 596 tam
279 562 431 608 putant.
495 552 722 594 Homerum
751 562 900 603 autem,
934 555 999 607 qui
1020 555 1227 594 minimum
1250 554 1400 603 dicunt,

178 626 357 680 Lycurgi
381 625 500 666 aetati
532 625 691 679 triginta
713 625 823 665 annis
860 634 1104 679 anteponunt
1126 625 1224 665 sere.
1288 628 1313 647 “
1332 624 1401 665 Ex

179 711 258 751 quo
294 696 469 750 intellegi
505 705 635 750 potest
668 696 874 750 permultis
911 696 1022 736 annis
1045 706 1135 736 ante
1174 695 1401 736 Homerum

180 768 315 818 fuisse,
349 781 468 822 quam
490 766 711 808 Romulum
732 782 741 806 z
772 776 815 807 ut
836 767 914 807 iam
947 767 1074 807 doctis
1106 767 1332 807 hominibus
1355 780 1403 806 ac

179 838 426 893 temporibus
456 837 550 892 ipsis
582 838 745 878 eruditis
778 852 826 878 an
857 838 1089 891 fingendum
1122 838 1190 878 uix
1217 838 1404 891 cuiquam

181 917 287 949 esset
322 908 449 949 locus.
511 909 737 962 Antiquitas
772 909 878 949 enim
911 909 1066 963 recepit
1101 908 1254 949 fabulas
1290 909 1404 949 fictas

179 980 300 1020 etiam
325 993 625 1033 nonnumquam
647 980 847 1020 incondite
868 995 879 1030 3
911 980 1012 1020 haec
1035 990 1145 1020 aetas
1168 990 1301 1020 autem
1324 979 1403 1019 iam

182 1050 356 1100 exculta,
378 1050 613 1104 praesertim
650 1051 816 1091 eludens
838 1065 958 1092 omne
982 1051 1088 1105 quod
1125 1051 1211 1092 fieri
1231 1066 1311 1092 non
1332 1065 1406 1106 po-

182 1131 270 1171 test,
292 1121 469 1176 respuit”
494 1152 647 1162 .....

492 1237 725 1267 Desidet-antur
746 1238 871 1268 litterae
894 1238 936 1276 pl.
960 1248 1000 1268 m.
1023 1238 1094 1273 230.

221 1368 230 1378 .
257 1368 266 1378 .
290 1337 423 1378 eodem
452 1338 608 1378 nomine
631 1337 738 1379 alius
767 1353 892 1393 nepos
914 1338 1012 1390 eius,
1044 1349 1087 1380 ut
1108 1340 1293 1381 dixerunt
1320 1340 1406 1394 qui-

182 1411 276 1450 dam
307 1424 355 1450 ex
377 1410 470 1460 filia,
505 1409 694 1464 quoniam
714 1410 779 1449 ille
814 1417 994 1451 mortuus
1016 1411 1158 1451 eodem
1192 1419 1248 1452 est
1270 1427 1376 1452 anno
1394 1426 1406 1462 3

182 1487 298 1521 natus
333 1479 559 1521 Simonides
593 1480 818 1534 olympiade
839 1491 950 1521 sexta
972 1491 1011 1522 et
1045 1483 1406 1538 quinquagesima:

183 1566 262 1608 quo
271 1550 438 1607 facilius
467 1551 646 1606 intellegi
667 1552 792 1606 possit
815 1559 898 1592 tum
934 1553 985 1593 de
1008 1554 1170 1594 Romuli
1203 1555 1408 1596 immorta-

182 1625 290 1665 litate
312 1624 523 1674 creditum,
555 1638 649 1664 cum
670 1624 748 1666 iarn
780 1624 1000 1678 inueterata
1023 1626 1103 1666 uita
1131 1626 1337 1666 hominum
1360 1641 1408 1666 ac

185 1705 354 1736 tractata
386 1705 492 1736 esset
514 1706 554 1736 et
585 1696 758 1750 cognita.
824 1697 907 1737 Sed
930 1696 1111 1751 profecto
1142 1707 1250 1738 tanta
1271 1697 1344 1738 suit
1368 1698 1407 1738 in

187 1781 238 1806 eo
258 1767 318 1807 uis
332 1767 476 1821 ingenii
499 1776 617 1821 atque
644 1767 810 1817 uirtutis,
833 1777 876 1808 ut
896 1768 934 1808 id
960 1769 1010 1808 de
1034 1768 1211 1809 Romulo
1233 1768 1410 1810 Proculo

186 1837 287 1878 Iulio
308 1838 457 1878 homini
489 1839 633 1892 agresti
654 1839 901 1889 crederetur,
925 1840 1032 1893 quod
1063 1840 1195 1881 multis
1216 1840 1295 1881 iam
1318 1851 1408 1882 ante

187 1909 358 1950 saeculis
389 1910 497 1950 nullo
529 1910 605 1950 alio
639 1911 689 1950 de
712 1911 867 1951 mortali
901 1911 1084 1951 homines
1117 1911 1410 1953 credidissent:

190 1980 256 2034 qui
288 1980 444 2035 inpulsu
478 1991 650 2035 patrum,
686 1996 763 2036 quo
785 1982 838 2022 illi
873 1995 895 2022 a
931 1997 974 2023 se
1008 1983 1198 2024 inuidiam
1232 1984 1411 2025 interitus

191 2051 355 2092 Romuli
395 2052 605 2106 pellerent,
647 2053 686 2093 in
727 2054 910 2093 contione
953 2054 1102 2095 dixisse
1134 2054 1271 2105 fertur,
1307 2069 1330 2095 a
1365 2068 1410 2095 se

190 2123 319 2163 uisum
341 2138 430 2165 esse
452 2124 490 2165 in
513 2138 562 2165 eo
583 2125 685 2165 colle
708 2125 944 2177 Romulum,
978 2127 1044 2181 qui
1065 2142 1170 2168 nunc
1194 2126 1411 2175 Quirinalis

191 2205 384 2236 uocatur:
417 2211 509 2237 eum
546 2199 618 2238 sibi
653 2200 865 2240 mandasse
900 2209 942 2240 ut
962 2201 1154 2255 populum
1188 2209 1348 2253 rogaret
1369 2208 1411 2239 ut

190 2268 261 2308 sibi
300 2282 349 2308 eo
382 2269 420 2308 in
463 2270 564 2310 colle
588 2270 798 2312 delubrum
840 2272 980 2314 fieret:
1012 2286 1054 2313 se
1088 2272 1211 2314 deum
1245 2285 1333 2314 esse
1371 2281 1411 2313 et

190 2339 404 2389 Quirinum
427 2343 575 2383 uocari·
