1611 2708
180 235 244 280 40
586 252 650 282 DE
687 252 749 282 RE
793 252 1003 283 PvssLicA

177 361 442 411 committere,
479 374 644 414 aegrum
678 362 804 412 alteri,
839 377 958 416 quam
991 363 1137 412 multis,
1173 363 1223 403 ad
1257 365 1406 405 maiora

174 445 417 485 peruenero.
480 431 535 472 L.
571 432 787 480 Quaenam
821 435 893 474 ista
921 433 1043 474 sunt?
1108 432 1153 474 S.
1189 434 1333 482 Quid?
1365 446 1405 475 tu

174 518 252 543 non
286 504 401 544 uides
433 504 549 544 unius
581 504 861 559 inportunitate
896 515 935 546 ct
969 506 1154 560 superbia
1178 506 1406 560 Tarquinii,

173 588 320 614 nomen
342 574 435 615 huic
457 576 606 630 populo
628 576 664 616 in
688 578 825 633 odium
850 578 1008 617 uenisse
1031 577 1219 631 regium?
1253 577 1308 618 L.
1333 578 1407 618 Ui-

173 646 251 685 deo
274 659 386 696 uero,
408 647 561 700 inquid.
626 647 672 688 S.
708 647 820 703 Ergo
843 649 963 689 etiam
987 649 1071 689 illut
1094 650 1223 700 uides,
1253 651 1303 690 (le
1329 665 1407 704 quo

172 717 458 770 progrediente
500 717 679 758 oratione
723 729 894 759 uentura
935 735 1000 759 ine
1055 720 1254 760 dicturum
1297 731 1441 775 puto,--⁴

173 788 397 842 Tarquinio
432 798 593 839 exacto,
628 790 728 829 mira
764 791 939 844 quadam
976 791 1179 831 exultasse
1214 792 1407 846 populum

174 859 384 900 insolentia
406 860 598 901 libertatis
619 875 627 900 ε
650 870 734 901 tum
757 862 892 902 exacti
914 862 953 902 in
977 862 1142 902 exilium
1160 862 1407 913 innocentes,

170 941 255 971 tum
287 933 392 972 bona
426 932 582 987 direpta
614 933 829 973 multorum
873 937 997 974 “tum
1041 934 1159 974 annui
1203 935 1406 984 consules,

171 1014 254 1044 tuin
291 1004 454 1044 demissi
486 1005 635 1058 populo
669 1004 826 1044 fasces”
859 1015 943 1045 tuin
976 1006 1286 1059 prouocationes
1320 1020 1407 1046 oni·

172 1077 282 1116 nium
320 1090 470 1127 rerum,
513 1085 597 1117 tum
633 1078 808 1117 secessio
842 1078 988 1132 plebei,
1032 1088 1114 1117 tum
1158 1092 1321 1132 prorsus
1355 1078 1408 1118 ita

174 1158 263 1188 acta
284 1149 480 1202 pleraque
502 1159 545 1189 ut
566 1149 605 1189 in
628 1149 776 1203 populo
800 1159 933 1189 essent
955 1150 1102 1190 onmia.
1156 1149 1211 1190 L.
1238 1150 1326 1200 Est,
1350 1150 1408 1190 in-

174 1220 270 1274 quit,
306 1228 348 1260 ut
383 1220 498 1259 dicis.
562 1220 640 1260 Est
672 1235 783 1270 uero,
816 1221 942 1274 inquit
976 1221 1128 1275 Scipio,
1163 1222 1199 1261 in
1234 1237 1336 1275 pace
1370 1231 1409 1262 et

172 1292 252 1332 otio
271 1306 280 1331 :
312 1291 408 1332 licet
429 1293 537 1332 enim
559 1292 744 1332 lasciuire
769 1292 865 1332 dum
880 1292 974 1332 nihil
998 1302 1168 1343 metuas,
1192 1303 1233 1333 ut
1256 1293 1293 1333 in
1316 1294 1407 1333 nani

174 1377 219 1403 ac
245 1377 367 1417 saepe
392 1364 512 1403 etiam
535 1364 573 1404 in
597 1364 738 1404 morbo
761 1364 855 1404 leui.
911 1367 936 1386 “
955 1364 1039 1404 Sed
1064 1365 1182 1404 utille
1208 1365 1272 1419 qui
1296 1365 1409 1405 nani-

172 1444 251 1490 gat,
294 1449 388 1474 cum
432 1435 561 1475 subito
603 1449 714 1474 mare
758 1435 893 1489 coepit
934 1435 1216 1486 horrescere,'’
1260 1446 1299 1476 ct
1341 1437 1406 1476 illc

174 1520 295 1560 aeger
317 1507 624 1560 ingrauescente
648 1507 802 1557 morbo,
826 1507 941 1547 unius
963 1521 1083 1561 opem
1106 1507 1318 1561 implorat3
1352 1509 1407 1548 sic

173 1588 306 1619 noster
328 1579 498 1633 populus
520 1580 557 1618 in
580 1594 683 1633 pace
707 1589 747 1619 et
778 1579 886 1619 dorni
910 1579 1079 1632 imperat
1103 1588 1142 1618 et
1164 1580 1258 1633 ipsis
1282 1580 1407 1633 inagi-

174 1651 358 1691 stratibus
399 1651 584 1700 minatur,
607 1660 780 1700 recusat,
805 1650 992 1704 appellat,
1016 1660 1238 1704 prouocat3
1261 1651 1298 1690 in
1320 1651 1406 1691 bel-

175 1724 210 1763 lo
234 1723 290 1763 sic
323 1733 437 1777 paret
458 1732 500 1763 ut
522 1723 605 1776 regi
625 1737 632 1761 :
666 1723 774 1762 ualet
797 1723 902 1762 enim
937 1722 1042 1762 salus
1066 1723 1154 1776 plus
1178 1736 1296 1775 quam
1320 1722 1407 1762 libi-

174 1796 239 1835 «,lo.
306 1795 569 1835 Grauioribus
591 1809 689 1835 uero
710 1794 826 1834 bellis
859 1794 978 1834 etiam
1002 1794 1085 1833 sine
1109 1793 1265 1847 collega
1286 1808 1406 1834 omne

175 1867 386 1920 imperium
425 1867 547 1906 nostri
570 1880 697 1920 penes
735 1865 910 1919 singulos
934 1879 1023 1906 esse
1059 1866 1286 1913 uoluerunt,
1311 1879 1409 1918 quo-

176 1952 261 1977 rum
283 1938 414 1992 ipsum
438 1952 585 1977 nomen
607 1938 689 1977 uim
723 1951 818 1977 suae
842 1937 1048 1991 potestatis
1071 1936 1232 1976 indicat.
1297 1935 1405 1976 Nam

175 2009 345 2049 dictator
368 2009 531 2063 quidem
555 2009 604 2049 ab
635 2023 684 2049 eo
708 2009 929 2062 appellatur
953 2009 1044 2062 qnia
1067 2007 1210 2047 dicitur
1231 2021 1239 2046 :
1272 2008 1343 2047 sed
1368 2008 1404 2047 in

174 2081 316 2122 nostris
359 2081 467 2121 libris
509 2081 625 2121 uides
667 2096 775 2130 euni,
819 2080 950 2130 Laeli,
992 2080 1227 2133 magistrum
1268 2079 1403 2134 populi

174 2153 379 2208 appellari.
442 2152 497 2194 L.
531 2151 682 2202 Uideo,
720 2153 859 2206 inquit.
924 2151 979 2192 Et
1015 2152 1168 2208 Scipio,
1204 2151 1404 2206 sapienter

176 2226 290 2277 igitur
323 2225 374 2266 illi
399 2234 578 2266 nete-res
603 2255 756 2265 .....

531 2321 764 2352 Βοείᾶοι·τιιιῐιιι·
788 2320 927 2360 paginae
950 2320 1040 2350 duae.
