1611 2708
280 226 341 273 82
682 243 744 272 m:
782 243 844 273 RE
881 240 1089 274 PVBLch

277 366 366 392 esso
390 351 641 391 determinat.
705 351 843 393 Docet
865 352 1011 392 deinde
1035 361 1182 407 quanta
1204 354 1253 394 sit
1287 354 1326 393 in
1361 354 1497 409 dispu-

276 424 399 464 tando
421 423 660 463 definitionis
681 423 852 464 utilitas:
885 433 1004 478 atque
1028 438 1080 465 ex
1102 424 1176 465 illis
1199 425 1278 465 suis
1300 425 1497 466 definitio-

277 495 391 535 nibus
425 494 587 548 colligit,
616 503 710 535 tunc
730 509 834 538 ,esse
870 510 955 535 rem
989 496 1206 550 publicam,
1241 496 1281 536 id
1319 505 1378 536 est
1412 510 1499 536 rem

278 567 428 621 populi,
451 581 544 607 cum
578 567 681 607 bene
705 582 751 608 ac
787 569 887 608 iuste
923 569 1085 622 geritur,
1109 570 1193 611 siue
1217 570 1265 609 ab
1288 583 1367 609 uno
1388 582 1500 622 rege,

278 639 362 679 siue
387 653 409 678 a
442 639 581 692 paucis
615 639 884 692 optimatibus,
909 641 993 680 siue
1033 641 1081 680 ab
1116 641 1303 680 uniuerso
1336 640 1499 694 populo·

279 710 387 750 Cum
422 724 519 750 uero
556 710 721 751 iniustus
756 720 815 751 est
849 725 936 761 rex,
968 726 1087 765 quem
1125 721 1352 765 tyrannum,
1389 724 1501 751 more

278 797 439 837 graeco,
484 781 699 837 appellauit
720 798 729 822 z
777 793 844 823 aut
889 784 1019 824 iniusti
1060 784 1286 838 optimates,
1330 786 1502 837 quorum
1551 789 1554 793 '

277 869 519 895 consensum
542 855 641 894 dixit
659 869 747 894 esse
771 854 1015 906 factioncm3
1048 865 1114 895 aut
1135 856 1302 895 iniustus
1323 855 1408 909 ipse
1431 868 1503 908 po-

278 926 408 981 pulus,
432 927 495 966 cui
518 941 665 966 nomen
689 927 875 966 usitatum
912 942 990 966 non
1024 927 1185 980 reperit,
1209 927 1280 966 nisi
1319 935 1359 965 ut
1383 926 1504 965 etiarn

254 1007 256 1009 ’
279 998 409 1053 ipsum
450 1007 662 1057 tyrannum
704 1007 895 1049 uocaret3
928 1012 1005 1037 non
1048 998 1127 1037 iam
1170 998 1367 1047 uitiosum,
1403 997 1505 1036 sicut

278 1070 406 1124 pridie
431 1069 558 1109 fuerat
581 1069 838 1123 disputatum,
862 1069 948 1118 sed,
973 1069 1074 1109 sicut
1095 1062 1194 1108 ratio
1217 1082 1269 1107 ex
1307 1068 1381 1107 illis
1404 1067 1505 1107 defi-

278 1141 491 1181 nitionibus
524 1155 683 1180 conexa
707 1128 1107 1190 docuisset‚'0mnino
1130 1140 1279 1179 nullam
1306 1153 1394 1179 esse
1417 1152 1504 1179 rem

281 1212 485 1266 publicam
504 1227 512 1251 :
546 1212 733 1265 quoniam
755 1226 833 1251 non
857 1221 963 1251 esset
996 1226 1060 1252 res
1082 1211 1232 1266 populi,
1255 1225 1349 1251 cum
1370 1220 1505 1264 tyran-

279 1299 353 1325 nus
391 1297 482 1323 eam
519 1282 692 1323 factione
725 1292 987 1337 capesseret3
1019 1297 1095 1322 nec
1119 1283 1204 1336 ipse
1233 1281 1404 1336 populus
1426 1281 1506 1320 iam

279 1356 451 1411 populus
489 1364 594 1395 esset
631 1355 662 1395 si
700 1364 805 1395 esset
845 1354 1025 1404 iniustus,
1062 1354 1248 1408 quoniam
1285 1367 1363 1392 non
1401 1360 1507 1392 esset

281 1428 491 1469 multitudo
513 1427 607 1467 iuris
630 1440 827 1466 consensu
851 1434 891 1465 et
924 1425 1098 1465 utilitatis
1132 1424 1413 1466 communione
1437 1436 1501 1463 so-

283 1501 398 1555 ciata,
422 1500 522 1541 sieut
543 1499 714 1555 populus
737 1497 866 1543 fuerat
889 1497 1087 1539 definitus.
1113 1495 1139 1520 ’κ’
1162 1495 1188 1519 ⁹⁶
