1611 2708
297 307 360 355 98
706 322 769 353 m:
806 321 868 353 RE
905 322 1112 354 PvssLicA

293 441 354 474 tes
390 431 545 486 insequi
567 432 787 486 coeperint,
825 441 866 473 et
886 433 1009 474 iustus
1041 433 1106 474 ille
1143 441 1285 474 nactus
1306 430 1426 475 fuerit
1447 435 1516 476 ali-

294 518 414 560 quem
439 504 618 545 saucium
642 518 746 559 equo
768 505 1008 546 insidentem
1027 521 1039 557 ;
1061 506 1098 546 ei
1120 520 1170 546 ne
1192 515 1346 561 parcet,
1368 515 1412 547 ut
1433 505 1518 561 ipse

246 633 250 635 ‚
292 577 500 617 occidatur
519 590 530 628 3
551 590 614 630 *an
637 577 785 617 deiciet
806 591 859 618 ex
891 592 1009 633 equo,
1033 587 1075 618 ut
1096 578 1181 632 ipse
1218 578 1342 633 possit
1362 578 1519 619 hostem

293 635 506 702 effugere?
531 649 636 703 quod
659 649 690 689 si
708 648 862 699 fecerit,
885 650 1057 704 sapiens,
1081 650 1151 690 sed
1175 650 1284 690 idem
1306 650 1434 690 malus
1453 665 1464 701 3
1487 649 1518 689 si

292 735 371 761 non
393 719 547 770 fecerit,
585 721 723 770 iustus,
761 721 963 761 sedidem
1001 721 1141 761 stultus
1175 721 1223 761 sit
1244 735 1412 762 necesse
1443 731 1516 761 est.

291 790 356 832 Ita
380 806 476 847 ergo
499 790 694 831 iustitiam
725 806 811 831 cum
830 791 874 832 in
897 791 998 832 (luas
1013 792 1150 847 partis
1172 792 1388 843 diuisisset,
1421 792 1520 834 alte-

291 877 377 903 ram
398 863 554 904 ciuilem
575 878 654 904 esse
676 863 822 914 dicens,
845 863 1011 904 alteram
1033 864 1257 905 naturalem
1270 880 1287 914 ,⁴
1310 872 1518 920 utramque

289 933 513 984 subucrcz't3
547 934 656 990 quod
688 934 762 975 illa
783 934 915 986 ciuilig
947 935 1147 991 sapientia
1168 936 1220 976 sit
1242 936 1415 991 quidem,
1449 935 1520 976 sed

290 1007 447 1048 iustitia
470 1023 550 1049 non
572 1008 622 1048 sit
634 1024 652 1058 ,·
684 1008 885 1049 naturalis
908 1016 1037 1049 aulem
1057 1009 1145 1059 illa,
1178 1008 1333 1050 iustitia
1355 1009 1407 1049 sit
1428 1008 1518 1065 qui-

290 1080 390 1131 dem,
433 1080 502 1121 sed
543 1095 625 1121 non
660 1080 717 1121 sit
757 1080 972 1136 sapientia.
1035 1080 1278 1122 Lactantius
1319 1080 1413 1121 inst.
1459 1080 1515 1122 V.

294 1154 361 1193 16.
383 1152 407 1179 ᾗ
428 1152 453 1175 ⁹⁶

353 1224 378 1247 ἦ
398 1223 423 1247 ⁹⁶
442 1223 563 1264 XXI.
586 1255 595 1264 .
617 1255 626 1264 .
649 1255 658 1264 .
683 1223 777 1265 Non
796 1238 998 1278 grauarer,
1022 1222 1153 1274 Laeli,
1176 1224 1249 1265 nisi
1264 1234 1303 1265 et
1323 1224 1396 1265 hos
1413 1224 1517 1265 uelle

287 1307 487 1353 putarem,
526 1307 565 1337 et
587 1298 672 1352 ipse
695 1311 889 1352 cuperem
910 1306 950 1337 te
974 1311 1134 1351 quoque
1167 1297 1341 1351 aliquam
1362 1307 1518 1351 partem

288 1370 405 1410 huius
426 1369 548 1410 nostri
571 1369 765 1410 sermonis
788 1369 980 1422 attingere
999 1383 1008 1408 ε
1030 1369 1265 1423 praesertim
1289 1382 1411 1423 quum
1432 1368 1518 1408 heri

237 1442 374 1497 *ipsc
398 1441 561 1491 dixeris,
584 1450 623 1481 te
645 1441 759 1481 nobis
782 1441 901 1480 etiam
925 1439 1238 1495 superfuturum.
1301 1439 1455 1480 Verum
1478 1439 1518 1480 id

289 1514 454 1568 quidem
477 1513 563 1554 fieri
586 1527 663 1552 non
687 1521 849 1566 potcst3
880 1525 930 1552 ne
955 1512 1061 1552 desis
1093 1525 1233 1553 omnes
1255 1520 1293 1552 te
1315 1525 1515 1566 rogamus.

294 1583 454 1625 Gellius
476 1582 512 1623 I.
536 1586 607 1623 22.
629 1583 653 1606 ÷÷
670 1583 695 1607 ᾗ

347 1655 405 1678 ³¹²³*
422 1655 507 1696 Sed
530 1655 723 1695 iuuentuti
754 1664 913 1695 nostrae
936 1655 1098 1695 minime
1122 1653 1371 1695 audiendus:
1404 1654 1518 1709 quip-

287 1741 339 1784 pe
362 1728 394 1768 si
416 1727 469 1767 ita
491 1726 626 1776 sensit,
649 1735 692 1765 ut
708 1725 895 1780 loquitur,
919 1730 979 1766 est
996 1726 1117 1765 homo
1138 1712 1345 1779 impuru53
1367 1724 1427 1764 sin
1449 1724 1520 1764 ali-

286 1810 362 1850 ter,
397 1797 503 1853 quod
539 1797 658 1845 malo,
681 1797 807 1837 oratio
840 1805 900 1837 est
920 1806 1055 1837 tamen
1090 1796 1288 1836 immanis.
1350 1794 1519 1836 Nonius

288 1885 375 1912 uoc.
400 1869 581 1920 immane,
604 1875 640 1910 et
662 1883 749 1909 uoc.
782 1868 962 1925 impurus
985 1883 1033 1908 ecc
1054 1866 1137 1908 III.
1162 1867 1209 1907 de
1230 1881 1316 1921 rep.
1334 1867 1360 1890 ’κ
1377 1866 1402 1890 ³⁶

346 1943 371 1966 ἤϊ’
388 1942 413 1966 ÷÷
429 1940 570 1982 XXII.
604 1940 680 1981 Est
697 1939 860 1995 quidem
878 1953 975 1980 uera
996 1939 1062 1980 lex
1081 1949 1192 1979 recta
1208 1938 1321 1988 ratio,
1345 1946 1514 1978 naturae

289 2028 529 2068 congruens,
568 2013 712 2052 diffusa
743 2012 781 2052 in
820 2025 974 2061 omnes,
1012 2020 1212 2060 constans,
1246 2009 1489 2064 sempiterna
1507 2023 1520 2060 ;

291 2099 394 2141 quae
417 2094 537 2126 uocet
559 2084 609 2124 ad
632 2083 809 2123 officium
831 2083 1020 2132 iubendo,
1044 2081 1219 2122 uetando
1241 2094 1264 2121 a
1282 2079 1425 2121 fraude
1447 2079 1519 2120 de·
1579 2127 1587 2143 ·.

290 2167 452 2207 terreat,
488 2169 589 2210 quae
626 2164 760 2195 tamen
793 2168 925 2209 neque
957 2153 1103 2208 probos
1137 2152 1281 2193 frustra
1311 2151 1422 2192 iubet
1453 2160 1520 2192 aut
1576 2148 1579 2151 ¹

292 2239 414 2279 uctat,
462 2242 538 2269 nec
580 2227 782 2281 improbos
824 2225 999 2266 iubendo
1042 2234 1108 2265 aut
1149 2223 1325 2265 uetando
1365 2232 1515 2263 mouet.

294 2300 403 2341 Huic
426 2300 504 2354 legi
526 2313 601 2339 uec
624 2298 808 2352 obrogari
831 2296 890 2338 fas
912 2307 985 2347 est,
1007 2309 1139 2351 neque
1163 2296 1345 2350 derogari
1368 2307 1419 2334 ex
1440 2293 1516 2332 hac

295 2372 443 2427 aliquid
464 2371 572 2421 licet,
595 2384 727 2426 neque
749 2379 831 2411 tota
855 2369 1035 2424 abrogari
1054 2376 1184 2423 potest
1203 2382 1213 2407 ε
1233 2379 1310 2409 nec
1332 2377 1429 2406 uero
1451 2373 1518 2405 aut
