<?xml version="1.0" encoding="UTF-8"?>
<!DOCTYPE html PUBLIC "-//W3C//DTD XHTML 1.0 Transitional//EN"
    "http://www.w3.org/TR/xhtml1/DTD/xhtml1-transitional.dtd">
<html xmlns="http://www.w3.org/1999/xhtml" xml:lang="en" lang="en">
 <head>
  <title>
</title>
<meta http-equiv="Content-Type" content="text/html;charset=utf-8" />
  <meta name='ocr-system' content='tesseract 3.04.00' />
  <meta name='ocr-capabilities' content='ocr_page ocr_carea ocr_par ocr_line ocrx_word'/>
</head>
<body>
  <div class='ocr_page' id='page_1' title='image "./derepublica00ciceuoft_0030.png"; bbox 0 0 1611 2708; ppageno 0'>
   <div class='ocr_carea' id='block_1_1' title="bbox 187 251 1003 304">
    <p class='ocr_par' dir='ltr' id='par_1_1' title="bbox 187 251 1003 304">
     <span class='ocr_line' id='line_1_1' title="bbox 187 251 1003 304; baseline 0.012 -10"><span class='ocrx_word' id='word_1_1' title='bbox 187 251 243 295; x_wconf 88' lang='lat'>18</span> <span class='ocrx_word' id='word_1_2' title='bbox 598 271 659 301; x_wconf 79' lang='lat' dir='ltr'>DE</span> <span class='ocrx_word' id='word_1_3' title='bbox 697 271 761 302; x_wconf 80' lang='lat' dir='ltr'>RE</span> <span class='ocrx_word' id='word_1_4' title='bbox 796 272 1003 304; x_wconf 72' lang='lat' dir='ltr'>PVBLmA</span> 
     </span>
    </p>
   </div>
   <div class='ocr_carea' id='block_1_2' title="bbox 172 376 1401 1573">
    <p class='ocr_par' dir='ltr' id='par_1_2' title="bbox 172 376 1401 1573">
     <span class='ocr_line' id='line_1_2' title="bbox 177 376 1396 437; baseline 0.01 -23"><span class='ocrx_word' id='word_1_5' title='bbox 177 385 267 428; x_wconf 89' lang='lat' dir='ltr'>post</span> <span class='ocrx_word' id='word_1_6' title='bbox 288 386 420 417; x_wconf 88' lang='lat' dir='ltr'>autem</span> <span class='ocrx_word' id='word_1_7' title='bbox 456 377 505 418; x_wconf 86' lang='lat' dir='ltr'>ab</span> <span class='ocrx_word' id='word_1_8' title='bbox 540 376 718 420; x_wconf 84' lang='lat' dir='ltr'>Eudoxo</span> <span class='ocrx_word' id='word_1_9' title='bbox 752 381 887 422; x_wconf 85' lang='lat' dir='ltr'>cnidio</span> <span class='ocrx_word' id='word_1_10' title='bbox 920 381 1130 436; x_wconf 82' lang='lat' dir='ltr'>discipulo,</span> <span class='ocrx_word' id='word_1_11' title='bbox 1154 392 1196 423; x_wconf 88' lang='lat' dir='ltr'>ut</span> <span class='ocrx_word' id='word_1_12' title='bbox 1229 381 1396 437; x_wconf 76' lang='lat' dir='ltr'>ferebat,</span> 
     </span>
     <span class='ocr_line' id='line_1_3' title="bbox 177 444 1399 496; baseline 0.007 -10"><span class='ocrx_word' id='word_1_13' title='bbox 177 444 356 487; x_wconf 83' lang='lat' dir='ltr'>Platonis</span> <span class='ocrx_word' id='word_1_14' title='bbox 378 449 549 488; x_wconf 88' lang='lat' dir='ltr'>eandem</span> <span class='ocrx_word' id='word_1_15' title='bbox 572 450 678 490; x_wconf 87' lang='lat' dir='ltr'>illam</span> <span class='ocrx_word' id='word_1_16' title='bbox 712 452 823 492; x_wconf 86' lang='lat' dir='ltr'>astris</span> <span class='ocrx_word' id='word_1_17' title='bbox 857 453 972 493; x_wconf 89' lang='lat' dir='ltr'>caelo</span> <span class='ocrx_word' id='word_1_18' title='bbox 1004 454 1302 496; x_wconf 84' lang='lat' dir='ltr'>inhaerentibus</span> <span class='ocrx_word' id='word_1_19' title='bbox 1336 469 1399 496; x_wconf 91' lang='lat' dir='ltr'>es-</span> 
     </span>
     <span class='ocr_line' id='line_1_4' title="bbox 176 518 1398 579; baseline 0.007 -22"><span class='ocrx_word' id='word_1_20' title='bbox 176 531 219 557; x_wconf 87' lang='lat' dir='ltr'>se</span> <span class='ocrx_word' id='word_1_21' title='bbox 243 518 512 572; x_wconf 81' lang='lat' dir='ltr'>descriptarn3</span> <span class='ocrx_word' id='word_1_22' title='bbox 544 521 661 573; x_wconf 76' lang='lat' dir='ltr'>cuius</span> <span class='ocrx_word' id='word_1_23' title='bbox 678 536 839 562; x_wconf 88' lang='lat' dir='ltr'>omnem</span> <span class='ocrx_word' id='word_1_24' title='bbox 873 533 1055 563; x_wconf 89' lang='lat' dir='ltr'>ornatum</span> <span class='ocrx_word' id='word_1_25' title='bbox 1090 534 1130 564; x_wconf 91' lang='lat' dir='ltr'>et</span> <span class='ocrx_word' id='word_1_26' title='bbox 1164 525 1398 579; x_wconf 85' lang='lat' dir='ltr'>descriptio-</span> 
     </span>
     <span class='ocr_line' id='line_1_5' title="bbox 174 591 1394 649; baseline 0.007 -22"><span class='ocrx_word' id='word_1_27' title='bbox 174 602 282 638; x_wconf 89' lang='lat' dir='ltr'>nem,</span> <span class='ocrx_word' id='word_1_28' title='bbox 316 599 515 643; x_wconf 84' lang='lat' dir='ltr'><strong>sumptam</strong></span> <span class='ocrx_word' id='word_1_29' title='bbox 552 591 603 631; x_wconf 82' lang='lat' dir='ltr'>ab</span> <span class='ocrx_word' id='word_1_30' title='bbox 639 591 831 643; x_wconf 83' lang='lat' dir='ltr'>Eudoxo,</span> <span class='ocrx_word' id='word_1_31' title='bbox 863 594 996 634; x_wconf 89' lang='lat' dir='ltr'>multis</span> <span class='ocrx_word' id='word_1_32' title='bbox 1038 595 1149 635; x_wconf 85' lang='lat' dir='ltr'>annis</span> <span class='ocrx_word' id='word_1_33' title='bbox 1189 605 1280 649; x_wconf 86' lang='lat' dir='ltr'>post</span> <span class='ocrx_word' id='word_1_34' title='bbox 1315 610 1394 636; x_wconf 87' lang='lat' dir='ltr'>non</span> 
     </span>
     <span class='ocr_line' id='line_1_6' title="bbox 175 660 1398 718; baseline 0.006 -20"><span class='ocrx_word' id='word_1_35' title='bbox 175 660 412 713; x_wconf 80' lang='lat' dir='ltr'>astrologiae</span> <span class='ocrx_word' id='word_1_36' title='bbox 435 661 600 702; x_wconf 64' lang='lat' dir='ltr'>seientia</span> <span class='ocrx_word' id='word_1_37' title='bbox 626 663 697 702; x_wconf 89' lang='lat' dir='ltr'>sed</span> <span class='ocrx_word' id='word_1_38' title='bbox 719 664 878 717; x_wconf 87' lang='lat' dir='ltr'>poetica</span> <span class='ocrx_word' id='word_1_39' title='bbox 901 665 1074 718; x_wconf 87' lang='lat' dir='ltr'>quadam</span> <span class='ocrx_word' id='word_1_40' title='bbox 1098 664 1284 705; x_wconf 80' lang='lat' dir='ltr'>facultate</span> <span class='ocrx_word' id='word_1_41' title='bbox 1307 680 1398 705; x_wconf 88' lang='lat' dir='ltr'>uer-</span> 
     </span>
     <span class='ocr_line' id='line_1_7' title="bbox 177 731 1398 789; baseline 0.003 -18"><span class='ocrx_word' id='word_1_42' title='bbox 177 731 286 771; x_wconf 84' lang='lat' dir='ltr'>sibus</span> <span class='ocrx_word' id='word_1_43' title='bbox 308 732 478 772; x_wconf 83' lang='lat' dir='ltr'>Aratum</span> <span class='ocrx_word' id='word_1_44' title='bbox 501 733 706 773; x_wconf 82' lang='lat' dir='ltr'>extulisse.</span> <span class='ocrx_word' id='word_1_45' title='bbox 769 733 862 775; x_wconf 87' lang='lat' dir='ltr'>Hoc</span> <span class='ocrx_word' id='word_1_46' title='bbox 886 744 1019 774; x_wconf 86' lang='lat' dir='ltr'>autem</span> <span class='ocrx_word' id='word_1_47' title='bbox 1041 735 1236 789; x_wconf 84' lang='lat' dir='ltr'>sphaerae</span> <span class='ocrx_word' id='word_1_48' title='bbox 1259 749 1398 788; x_wconf 86' lang='lat' dir='ltr'>genus,</span> 
     </span>
     <span class='ocr_line' id='line_1_8' title="bbox 173 803 1399 860; baseline 0.003 -18"><span class='ocrx_word' id='word_1_49' title='bbox 173 803 212 842; x_wconf 85' lang='lat' dir='ltr'>in</span> <span class='ocrx_word' id='word_1_50' title='bbox 236 816 313 856; x_wconf 90' lang='lat' dir='ltr'>quo</span> <span class='ocrx_word' id='word_1_51' title='bbox 336 803 428 843; x_wconf 90' lang='lat' dir='ltr'>solis</span> <span class='ocrx_word' id='word_1_52' title='bbox 446 812 485 842; x_wconf 91' lang='lat' dir='ltr'>et</span> <span class='ocrx_word' id='word_1_53' title='bbox 505 803 622 843; x_wconf 85' lang='lat' dir='ltr'>lunae</span> <span class='ocrx_word' id='word_1_54' title='bbox 640 813 770 844; x_wconf 85' lang='lat' dir='ltr'>motus</span> <span class='ocrx_word' id='word_1_55' title='bbox 792 805 981 855; x_wconf 82' lang='lat' dir='ltr'>inessent,</span> <span class='ocrx_word' id='word_1_56' title='bbox 1000 814 1040 845; x_wconf 91' lang='lat' dir='ltr'>et</span> <span class='ocrx_word' id='word_1_57' title='bbox 1061 819 1200 845; x_wconf 85' lang='lat' dir='ltr'>earum</span> <span class='ocrx_word' id='word_1_58' title='bbox 1224 806 1399 860; x_wconf 87' lang='lat' dir='ltr'>quinque</span> 
     </span>
     <span class='ocr_line' id='line_1_9' title="bbox 172 873 1398 930; baseline 0.002 -17"><span class='ocrx_word' id='word_1_59' title='bbox 172 873 390 923; x_wconf 86' lang='lat' dir='ltr'>stellarum,</span> <span class='ocrx_word' id='word_1_60' title='bbox 409 888 511 927; x_wconf 89' lang='lat' dir='ltr'>quae</span> <span class='ocrx_word' id='word_1_61' title='bbox 534 884 712 915; x_wconf 82' lang='lat' dir='ltr'>errantes</span> <span class='ocrx_word' id='word_1_62' title='bbox 735 884 774 915; x_wconf 90' lang='lat' dir='ltr'>et</span> <span class='ocrx_word' id='word_1_63' title='bbox 796 876 907 930; x_wconf 83' lang='lat' dir='ltr'>quasi</span> <span class='ocrx_word' id='word_1_64' title='bbox 930 890 1059 930; x_wconf 80' lang='lat' dir='ltr'>uagae</span> <span class='ocrx_word' id='word_1_65' title='bbox 1084 877 1398 927; x_wconf 78' lang='lat' dir='ltr'>nominarentur,</span> 
     </span>
     <span class='ocr_line' id='line_1_10' title="bbox 174 945 1394 1002; baseline 0.003 -18"><span class='ocrx_word' id='word_1_66' title='bbox 174 945 212 984; x_wconf 88' lang='lat' dir='ltr'>in</span> <span class='ocrx_word' id='word_1_67' title='bbox 234 945 299 985; x_wconf 85' lang='lat' dir='ltr'>illa</span> <span class='ocrx_word' id='word_1_68' title='bbox 322 946 492 999; x_wconf 87' lang='lat' dir='ltr'>sphaera</span> <span class='ocrx_word' id='word_1_69' title='bbox 514 946 640 986; x_wconf 84' lang='lat' dir='ltr'>solida</span> <span class='ocrx_word' id='word_1_70' title='bbox 661 961 739 986; x_wconf 88' lang='lat' dir='ltr'>non</span> <span class='ocrx_word' id='word_1_71' title='bbox 755 947 931 1001; x_wconf 84' lang='lat' dir='ltr'>potuisse</span> <span class='ocrx_word' id='word_1_72' title='bbox 954 948 1068 987; x_wconf 89' lang='lat' dir='ltr'>finiri.</span> <span class='ocrx_word' id='word_1_73' title='bbox 1132 948 1267 1002; x_wconf 86' lang='lat' dir='ltr'>Atque</span> <span class='ocrx_word' id='word_1_74' title='bbox 1290 948 1328 987; x_wconf 90' lang='lat' dir='ltr'>in</span> <span class='ocrx_word' id='word_1_75' title='bbox 1347 961 1394 988; x_wconf 85' lang='lat' dir='ltr'>ea</span> 
     </span>
     <span class='ocr_line' id='line_1_11' title="bbox 174 1016 1401 1073; baseline 0.002 -17"><span class='ocrx_word' id='word_1_76' title='bbox 174 1016 454 1056; x_wconf 85' lang='lat' dir='ltr'>admirandum</span> <span class='ocrx_word' id='word_1_77' title='bbox 477 1031 566 1057; x_wconf 85' lang='lat' dir='ltr'>esse</span> <span class='ocrx_word' id='word_1_78' title='bbox 589 1017 794 1058; x_wconf 88' lang='lat' dir='ltr'>inuentum</span> <span class='ocrx_word' id='word_1_79' title='bbox 817 1018 1067 1068; x_wconf 84' lang='lat' dir='ltr'>Archimedi,</span> <span class='ocrx_word' id='word_1_80' title='bbox 1092 1018 1197 1073; x_wconf 91' lang='lat' dir='ltr'>quod</span> <span class='ocrx_word' id='word_1_81' title='bbox 1234 1018 1401 1072; x_wconf 81' lang='lat' dir='ltr'>excogi-</span> 
     </span>
     <span class='ocr_line' id='line_1_12' title="bbox 172 1088 1395 1142; baseline 0.001 -14"><span class='ocrx_word' id='word_1_82' title='bbox 172 1097 296 1128; x_wconf 83' lang='lat' dir='ltr'>tasset</span> <span class='ocrx_word' id='word_1_83' title='bbox 328 1088 670 1142; x_wconf 82' lang='lat' dir='ltr'>quemadmodum</span> <span class='ocrx_word' id='word_1_84' title='bbox 704 1089 742 1128; x_wconf 90' lang='lat' dir='ltr'>in</span> <span class='ocrx_word' id='word_1_85' title='bbox 778 1089 1046 1129; x_wconf 88' lang='lat' dir='ltr'>dissimillimis</span> <span class='ocrx_word' id='word_1_86' title='bbox 1080 1089 1252 1129; x_wconf 89' lang='lat' dir='ltr'>motibus</span> <span class='ocrx_word' id='word_1_87' title='bbox 1285 1089 1395 1129; x_wconf 86' lang='lat' dir='ltr'>inae—</span> 
     </span>
     <span class='ocr_line' id='line_1_13' title="bbox 174 1159 1398 1213; baseline 0.001 -15"><span class='ocrx_word' id='word_1_88' title='bbox 174 1159 354 1213; x_wconf 87' lang='lat' dir='ltr'>quabiles</span> <span class='ocrx_word' id='word_1_89' title='bbox 396 1169 435 1199; x_wconf 85' lang='lat' dir='ltr'>et</span> <span class='ocrx_word' id='word_1_90' title='bbox 476 1160 607 1199; x_wconf 83' lang='lat' dir='ltr'>uarios</span> <span class='ocrx_word' id='word_1_91' title='bbox 648 1174 788 1200; x_wconf 89' lang='lat' dir='ltr'>cursus</span> <span class='ocrx_word' id='word_1_92' title='bbox 832 1169 1012 1200; x_wconf 81' lang='lat' dir='ltr'>seruaret</span> <span class='ocrx_word' id='word_1_93' title='bbox 1052 1174 1129 1199; x_wconf 89' lang='lat' dir='ltr'>una</span> <span class='ocrx_word' id='word_1_94' title='bbox 1171 1159 1398 1200; x_wconf 83' lang='lat' dir='ltr'>conuersio.</span> 
     </span>
     <span class='ocr_line' id='line_1_14' title="bbox 174 1230 1398 1286; baseline 0 -15"><span class='ocrx_word' id='word_1_95' title='bbox 174 1230 294 1271; x_wconf 88' lang='lat' dir='ltr'>Hane</span> <span class='ocrx_word' id='word_1_96' title='bbox 314 1232 526 1286; x_wconf 81' lang='lat' dir='ltr'>sphaeram</span> <span class='ocrx_word' id='word_1_97' title='bbox 545 1231 685 1271; x_wconf 84' lang='lat' dir='ltr'>Gallus</span> <span class='ocrx_word' id='word_1_98' title='bbox 703 1246 795 1271; x_wconf 86' lang='lat' dir='ltr'>eum</span> <span class='ocrx_word' id='word_1_99' title='bbox 813 1241 1008 1281; x_wconf 87' lang='lat' dir='ltr'>moueret,</span> <span class='ocrx_word' id='word_1_100' title='bbox 1024 1232 1145 1271; x_wconf 83' lang='lat' dir='ltr'>fiebat</span> <span class='ocrx_word' id='word_1_101' title='bbox 1161 1240 1204 1271; x_wconf 86' lang='lat' dir='ltr'>ut</span> <span class='ocrx_word' id='word_1_102' title='bbox 1218 1232 1289 1271; x_wconf 90' lang='lat' dir='ltr'>soli</span> <span class='ocrx_word' id='word_1_103' title='bbox 1306 1232 1398 1271; x_wconf 89' lang='lat' dir='ltr'>luna</span> 
     </span>
     <span class='ocr_line' id='line_1_15' title="bbox 173 1302 1399 1356; baseline -0.002 -12"><span class='ocrx_word' id='word_1_104' title='bbox 173 1304 340 1344; x_wconf 86' lang='lat' dir='ltr'>totidem</span> <span class='ocrx_word' id='word_1_105' title='bbox 363 1303 693 1343; x_wconf 86' lang='lat' dir='ltr'>conuersionibus</span> <span class='ocrx_word' id='word_1_106' title='bbox 715 1303 753 1342; x_wconf 91' lang='lat' dir='ltr'>in</span> <span class='ocrx_word' id='word_1_107' title='bbox 777 1316 869 1342; x_wconf 88' lang='lat' dir='ltr'>aere</span> <span class='ocrx_word' id='word_1_108' title='bbox 892 1302 957 1342; x_wconf 92' lang='lat' dir='ltr'>illo</span> <span class='ocrx_word' id='word_1_109' title='bbox 977 1312 1071 1356; x_wconf 88' lang='lat' dir='ltr'>quot</span> <span class='ocrx_word' id='word_1_110' title='bbox 1093 1302 1234 1342; x_wconf 87' lang='lat' dir='ltr'>diebus</span> <span class='ocrx_word' id='word_1_111' title='bbox 1251 1302 1289 1342; x_wconf 92' lang='lat' dir='ltr'>in</span> <span class='ocrx_word' id='word_1_112' title='bbox 1312 1302 1399 1356; x_wconf 90' lang='lat' dir='ltr'>ipso</span> 
     </span>
     <span class='ocr_line' id='line_1_16' title="bbox 174 1373 1399 1427; baseline -0.003 -11"><span class='ocrx_word' id='word_1_113' title='bbox 174 1376 288 1416; x_wconf 74' lang='lat' dir='ltr'>caelo</span> <span class='ocrx_word' id='word_1_114' title='bbox 307 1375 572 1425; x_wconf 82' lang='lat' dir='ltr'>succederet3</span> <span class='ocrx_word' id='word_1_115' title='bbox 596 1388 647 1413; x_wconf 83' lang='lat' dir='ltr'>ex</span> <span class='ocrx_word' id='word_1_116' title='bbox 671 1388 750 1427; x_wconf 92' lang='lat' dir='ltr'>quo</span> <span class='ocrx_word' id='word_1_117' title='bbox 768 1383 807 1413; x_wconf 88' lang='lat' dir='ltr'>et</span> <span class='ocrx_word' id='word_1_118' title='bbox 828 1374 866 1413; x_wconf 90' lang='lat' dir='ltr'>in</span> <span class='ocrx_word' id='word_1_119' title='bbox 888 1373 1003 1413; x_wconf 83' lang='lat' dir='ltr'>eaelo</span> <span class='ocrx_word' id='word_1_120' title='bbox 1021 1374 1191 1427; x_wconf 88' lang='lat' dir='ltr'>sphaera</span> <span class='ocrx_word' id='word_1_121' title='bbox 1213 1373 1305 1413; x_wconf 87' lang='lat' dir='ltr'>solis</span> <span class='ocrx_word' id='word_1_122' title='bbox 1327 1373 1399 1413; x_wconf 88' lang='lat' dir='ltr'>fie—</span> 
     </span>
     <span class='ocr_line' id='line_1_17' title="bbox 176 1444 1398 1495; baseline -0.003 -7"><span class='ocrx_word' id='word_1_123' title='bbox 176 1458 233 1489; x_wconf 83' lang='lat' dir='ltr'>ret</span> <span class='ocrx_word' id='word_1_124' title='bbox 258 1447 402 1487; x_wconf 82' lang='lat' dir='ltr'>eadem</span> <span class='ocrx_word' id='word_1_125' title='bbox 425 1446 490 1486; x_wconf 80' lang='lat' dir='ltr'>illa</span> <span class='ocrx_word' id='word_1_126' title='bbox 512 1444 702 1495; x_wconf 83' lang='lat' dir='ltr'>desectio,</span> <span class='ocrx_word' id='word_1_127' title='bbox 726 1454 765 1484; x_wconf 90' lang='lat' dir='ltr'>et</span> <span class='ocrx_word' id='word_1_128' title='bbox 786 1444 981 1484; x_wconf 82' lang='lat' dir='ltr'>incideret</span> <span class='ocrx_word' id='word_1_129' title='bbox 1014 1445 1106 1484; x_wconf 86' lang='lat' dir='ltr'>luna</span> <span class='ocrx_word' id='word_1_130' title='bbox 1139 1454 1222 1484; x_wconf 89' lang='lat' dir='ltr'>tum</span> <span class='ocrx_word' id='word_1_131' title='bbox 1246 1445 1283 1484; x_wconf 91' lang='lat' dir='ltr'>in</span> <span class='ocrx_word' id='word_1_132' title='bbox 1307 1457 1398 1484; x_wconf 85' lang='lat' dir='ltr'>eam</span> 
     </span>
     <span class='ocr_line' id='line_1_18' title="bbox 176 1515 1396 1573; baseline -0.004 -14"><span class='ocrx_word' id='word_1_133' title='bbox 176 1529 338 1569; x_wconf 82' lang='lat' dir='ltr'>metam,</span> <span class='ocrx_word' id='word_1_134' title='bbox 363 1532 464 1573; x_wconf 85' lang='lat' dir='ltr'>quae</span> <span class='ocrx_word' id='word_1_135' title='bbox 503 1527 609 1558; x_wconf 87' lang='lat' dir='ltr'>esset</span> <span class='ocrx_word' id='word_1_136' title='bbox 645 1517 786 1557; x_wconf 81' lang='lat' dir='ltr'>umbra</span> <span class='ocrx_word' id='word_1_137' title='bbox 821 1525 966 1566; x_wconf 84' lang='lat' dir='ltr'>terrae,</span> <span class='ocrx_word' id='word_1_138' title='bbox 989 1530 1081 1557; x_wconf 86' lang='lat' dir='ltr'>eum</span> <span class='ocrx_word' id='word_1_139' title='bbox 1119 1516 1176 1556; x_wconf 87' lang='lat' dir='ltr'>sol</span> <span class='ocrx_word' id='word_1_140' title='bbox 1211 1529 1232 1556; x_wconf 88' lang='lat' dir='ltr'>e</span> <span class='ocrx_word' id='word_1_141' title='bbox 1268 1515 1396 1569; x_wconf 81' lang='lat' dir='ltr'>regio-</span> 
     </span>
    </p>
   </div>
   <div class='ocr_carea' id='block_1_3' title="bbox 304 1719 1272 1759">
    <p class='ocr_par' dir='ltr' id='par_1_3' title="bbox 304 1719 1272 1759">
     <span class='ocr_line' id='line_1_19' title="bbox 304 1719 1272 1759; baseline -0.003 -8"><span class='ocrx_word' id='word_1_142' title='bbox 304 1721 537 1752; x_wconf 75' lang='lat' dir='ltr'>Desiderantur</span> <span class='ocrx_word' id='word_1_143' title='bbox 553 1722 634 1751; x_wconf 76' lang='lat' dir='ltr'>sexti</span> <span class='ocrx_word' id='word_1_144' title='bbox 656 1721 748 1750; x_wconf 83' lang='lat' dir='ltr'>huius</span> <span class='ocrx_word' id='word_1_145' title='bbox 765 1720 983 1759; x_wconf 83' lang='lat' dir='ltr'>quaternionis</span> <span class='ocrx_word' id='word_1_146' title='bbox 999 1720 1137 1759; x_wconf 77' lang='lat' dir='ltr'>paginae</span> <span class='ocrx_word' id='word_1_147' title='bbox 1153 1719 1272 1749; x_wconf 79' lang='lat' dir='ltr'>decem.</span> 
     </span>
    </p>
   </div>
   <div class='ocr_carea' id='block_1_4' title="bbox 176 1820 1402 2385">
    <p class='ocr_par' dir='ltr' id='par_1_4' title="bbox 176 1820 1402 2385">
     <span class='ocr_line' id='line_1_20' title="bbox 237 1820 1400 1877; baseline -0.005 -13"><span class='ocrx_word' id='word_1_148' title='bbox 237 1824 319 1865; x_wconf 90' lang='lat' dir='ltr'>XV</span> <span class='ocrx_word' id='word_1_149' title='bbox 324 1855 476 1865; x_wconf 89' lang='grc'><strong>.....</strong></span> <span class='ocrx_word' id='word_1_150' title='bbox 503 1822 574 1863; x_wconf 87' lang='lat' dir='ltr'>suit</span> <span class='ocrx_word' id='word_1_151' title='bbox 596 1823 701 1877; x_wconf 89' lang='lat' dir='ltr'>quod</span> <span class='ocrx_word' id='word_1_152' title='bbox 726 1834 763 1863; x_wconf 86' lang='lat' dir='ltr'>et</span> <span class='ocrx_word' id='word_1_153' title='bbox 781 1824 865 1877; x_wconf 86' lang='lat' dir='ltr'>ipse</span> <span class='ocrx_word' id='word_1_154' title='bbox 883 1822 1085 1862; x_wconf 90' lang='lat' dir='ltr'>hominem</span> <span class='ocrx_word' id='word_1_155' title='bbox 1109 1820 1337 1874; x_wconf 80' lang='lat' dir='ltr'>diligebam,</span> <span class='ocrx_word' id='word_1_156' title='bbox 1361 1828 1400 1858; x_wconf 88' lang='lat' dir='ltr'>et</span> 
     </span>
     <span class='ocr_line' id='line_1_21' title="bbox 176 1891 1399 1954; baseline -0.007 -16"><span class='ocrx_word' id='word_1_157' title='bbox 176 1899 366 1954; x_wconf 83' lang='lat' dir='ltr'>inprimis</span> <span class='ocrx_word' id='word_1_158' title='bbox 387 1897 486 1951; x_wconf 84' lang='lat' dir='ltr'>patri</span> <span class='ocrx_word' id='word_1_159' title='bbox 519 1911 611 1936; x_wconf 91' lang='lat' dir='ltr'>meo</span> <span class='ocrx_word' id='word_1_160' title='bbox 644 1895 774 1936; x_wconf 86' lang='lat' dir='ltr'>Paulo</span> <span class='ocrx_word' id='word_1_161' title='bbox 796 1896 1004 1950; x_wconf 85' lang='lat' dir='ltr'>probatum</span> <span class='ocrx_word' id='word_1_162' title='bbox 1038 1904 1077 1934; x_wconf 88' lang='lat' dir='ltr'>et</span> <span class='ocrx_word' id='word_1_163' title='bbox 1108 1907 1245 1934; x_wconf 88' lang='lat' dir='ltr'>earum</span> <span class='ocrx_word' id='word_1_164' title='bbox 1279 1891 1399 1931; x_wconf 86' lang='lat' dir='ltr'>fuisse</span> 
     </span>
     <span class='ocr_line' id='line_1_22' title="bbox 177 1962 1399 2024; baseline -0.007 -15"><span class='ocrx_word' id='word_1_165' title='bbox 177 1983 462 2024; x_wconf 64' lang='lat' dir='ltr'>cognoveram.</span> <span class='ocrx_word' id='word_1_166' title='bbox 526 1967 709 2017; x_wconf 85' lang='lat' dir='ltr'>Memini,</span> <span class='ocrx_word' id='word_1_167' title='bbox 742 1981 806 2007; x_wconf 89' lang='lat' dir='ltr'>me</span> <span class='ocrx_word' id='word_1_168' title='bbox 831 1967 1048 2007; x_wconf 85' lang='lat' dir='ltr'>admodum</span> <span class='ocrx_word' id='word_1_169' title='bbox 1082 1962 1399 2012; x_wconf 83' lang='lat' dir='ltr'>adulescentulo,</span> 
     </span>
     <span class='ocr_line' id='line_1_23' title="bbox 180 2034 1401 2097; baseline -0.007 -16"><span class='ocrx_word' id='word_1_170' title='bbox 180 2058 272 2083; x_wconf 70' lang='lat' dir='ltr'>eum</span> <span class='ocrx_word' id='word_1_171' title='bbox 296 2051 408 2097; x_wconf 85' lang='lat' dir='ltr'>pater</span> <span class='ocrx_word' id='word_1_172' title='bbox 431 2041 467 2080; x_wconf 90' lang='lat' dir='ltr'>in</span> <span class='ocrx_word' id='word_1_173' title='bbox 503 2039 747 2079; x_wconf 80' lang='lat' dir='ltr'>Macedonia</span> <span class='ocrx_word' id='word_1_174' title='bbox 770 2038 908 2079; x_wconf 84' lang='lat' dir='ltr'>consul</span> <span class='ocrx_word' id='word_1_175' title='bbox 931 2047 1050 2086; x_wconf 83' lang='lat' dir='ltr'>esset,</span> <span class='ocrx_word' id='word_1_176' title='bbox 1088 2046 1126 2076; x_wconf 87' lang='lat' dir='ltr'>et</span> <span class='ocrx_word' id='word_1_177' title='bbox 1149 2049 1330 2075; x_wconf 87' lang='lat' dir='ltr'>essemus</span> <span class='ocrx_word' id='word_1_178' title='bbox 1362 2034 1401 2073; x_wconf 90' lang='lat' dir='ltr'>in</span> 
     </span>
     <span class='ocr_line' id='line_1_24' title="bbox 181 2107 1402 2167; baseline -0.007 -15"><span class='ocrx_word' id='word_1_179' title='bbox 181 2115 319 2155; x_wconf 61' lang='lat' dir='ltr'>castris</span> <span class='ocrx_word' id='word_1_180' title='bbox 343 2129 354 2165; x_wconf 80' lang='lat'>3</span> <span class='ocrx_word' id='word_1_181' title='bbox 395 2111 617 2167; x_wconf 87' lang='lat' dir='ltr'>perturbari</span> <span class='ocrx_word' id='word_1_182' title='bbox 653 2110 876 2150; x_wconf 80' lang='lat' dir='ltr'>exercitum</span> <span class='ocrx_word' id='word_1_183' title='bbox 918 2118 1096 2149; x_wconf 83' lang='lat' dir='ltr'>nostrum</span> <span class='ocrx_word' id='word_1_184' title='bbox 1130 2107 1320 2159; x_wconf 79' lang='lat' dir='ltr'>religione</span> <span class='ocrx_word' id='word_1_185' title='bbox 1363 2114 1402 2144; x_wconf 86' lang='lat' dir='ltr'>et</span> 
     </span>
     <span class='ocr_line' id='line_1_25' title="bbox 182 2178 1402 2241; baseline -0.01 -13"><span class='ocrx_word' id='word_1_186' title='bbox 182 2198 304 2238; x_wconf 84' lang='lat' dir='ltr'>metu,</span> <span class='ocrx_word' id='word_1_187' title='bbox 329 2186 434 2241; x_wconf 87' lang='lat' dir='ltr'>quod</span> <span class='ocrx_word' id='word_1_188' title='bbox 459 2199 599 2225; x_wconf 83' lang='lat' dir='ltr'>serena</span> <span class='ocrx_word' id='word_1_189' title='bbox 622 2193 739 2223; x_wconf 85' lang='lat' dir='ltr'>noete</span> <span class='ocrx_word' id='word_1_190' title='bbox 758 2183 886 2222; x_wconf 87' lang='lat' dir='ltr'>subito</span> <span class='ocrx_word' id='word_1_191' title='bbox 909 2181 1086 2221; x_wconf 84' lang='lat' dir='ltr'>candens</span> <span class='ocrx_word' id='word_1_192' title='bbox 1109 2190 1147 2219; x_wconf 86' lang='lat' dir='ltr'>et</span> <span class='ocrx_word' id='word_1_193' title='bbox 1169 2179 1286 2233; x_wconf 82' lang='lat' dir='ltr'>plena</span> <span class='ocrx_word' id='word_1_194' title='bbox 1310 2178 1402 2217; x_wconf 81' lang='lat' dir='ltr'>luna</span> 
     </span>
     <span class='ocr_line' id='line_1_26' title="bbox 183 2254 1402 2307; baseline -0.011 -7"><span class='ocrx_word' id='word_1_195' title='bbox 183 2259 412 2300; x_wconf 77' lang='lat' dir='ltr'>defecisset.</span> <span class='ocrx_word' id='word_1_196' title='bbox 475 2257 585 2297; x_wconf 89' lang='lat' dir='ltr'>Tum</span> <span class='ocrx_word' id='word_1_197' title='bbox 608 2255 687 2305; x_wconf 85' lang='lat' dir='ltr'>ille,</span> <span class='ocrx_word' id='word_1_198' title='bbox 716 2269 808 2295; x_wconf 88' lang='lat' dir='ltr'>eum</span> <span class='ocrx_word' id='word_1_199' title='bbox 831 2254 984 2307; x_wconf 77' lang='lat' dir='ltr'>legatus</span> <span class='ocrx_word' id='word_1_200' title='bbox 1007 2261 1140 2292; x_wconf 87' lang='lat' dir='ltr'>noster</span> <span class='ocrx_word' id='word_1_201' title='bbox 1173 2259 1277 2290; x_wconf 88' lang='lat' dir='ltr'>esset</span> <span class='ocrx_word' id='word_1_202' title='bbox 1300 2261 1402 2288; x_wconf 84' lang='lat' dir='ltr'>anno</span> 
     </span>
     <span class='ocr_line' id='line_1_27' title="bbox 184 2319 1400 2385; baseline -0.011 -14"><span class='ocrx_word' id='word_1_203' title='bbox 184 2332 267 2371; x_wconf 59' lang='lat' dir='ltr'>{vro</span> <span class='ocrx_word' id='word_1_204' title='bbox 292 2340 380 2370; x_wconf 74' lang='lat' dir='ltr'>ante</span> <span class='ocrx_word' id='word_1_205' title='bbox 410 2344 528 2385; x_wconf 83' lang='lat' dir='ltr'>quam</span> <span class='ocrx_word' id='word_1_206' title='bbox 554 2327 691 2368; x_wconf 80' lang='lat' dir='ltr'>consul</span> <span class='ocrx_word' id='word_1_207' title='bbox 725 2336 783 2367; x_wconf 84' lang='lat' dir='ltr'>est</span> <span class='ocrx_word' id='word_1_208' title='bbox 806 2325 1046 2375; x_wconf 83' lang='lat' dir='ltr'>declaratus,</span> <span class='ocrx_word' id='word_1_209' title='bbox 1069 2322 1175 2364; x_wconf 84' lang='lat' dir='ltr'>haud</span> <span class='ocrx_word' id='word_1_210' title='bbox 1209 2319 1400 2362; x_wconf 80' lang='lat' dir='ltr'>dubitauit</span> 
     </span>
    </p>
   </div>
  </div>
 </body>
</html>
