1611 2708
637 229 786 263 LlssER
825 229 875 262 11.
1311 216 1369 262 77

146 337 220 381 bus
241 342 380 397 primis
415 351 521 384 esset
554 342 715 383 modice
747 350 1029 396 temperatum.
1092 339 1217 388 Quod
1242 347 1375 380 autem

147 414 339 468 exemplo
360 424 519 455 nostrae
543 414 714 454 ciuitatis
736 428 832 454 usus
854 428 956 463 sum,
980 427 1059 453 non
1097 412 1147 453 ad
1183 411 1377 452 definien-

149 484 246 524 dum
268 485 463 539 optimum
486 493 631 525 statum
653 484 804 535 ualuit3
835 498 928 524 nam
951 484 991 524 id
1022 484 1105 524 fieri
1140 483 1267 538 potuit
1292 482 1376 522 sine

148 555 365 609 exemp103
393 556 464 596 sed
488 565 530 596 ut
553 569 575 596 a
597 555 758 596 ciuitate
781 555 959 595 maxima
980 555 1122 629 reatbse
1145 562 1376 595 cerneretur

147 626 264 681 quale
288 637 395 667 esset
416 627 455 667 id
479 626 587 681 quod
621 626 721 666 ratio
743 626 950 679 oratioque
975 625 1238 665 describeret.
1305 624 1376 665 Sin

147 707 282 739 autem
305 699 389 739 sine
413 698 529 739 ullius
550 697 686 752 populi
710 697 900 751 exemplo
923 711 1049 750 genus
1070 696 1201 750 ipsum
1235 695 1378 750 exqui-

147 770 200 810 ris
233 770 371 825 optimi
406 767 543 820 statiis,
571 779 737 810 naturae
772 769 946 822 imagine
981 768 1176 808 utendum
1211 777 1272 807 est
1305 782 1376 806 no-

147 841 234 893 bis3
273 842 461 896 quoniam
507 851 549 882 tu
600 841 704 882 hanc
755 840 972 894 imaginem
1014 840 1121 880 urbis
1163 848 1202 880 et
1241 839 1379 894 populi

146 913 185 953 ni
211 944 367 954 .....

205 983 302 1025 XL.
329 1015 339 1025 .
366 1016 375 1024 .
402 1016 411 1024 .
433 982 479 1025 S.
504 998 618 1040 quem
651 984 874 1025 iandudum
904 997 1054 1038 quaero
1093 992 1132 1023 et
1167 983 1216 1023 ad
1257 996 1378 1037 quem

147 1055 268 1110 cupio
304 1055 533 1110 peruenire.
596 1055 652 1096 L.
688 1055 940 1096 Prudentem
978 1054 1145 1095 fortasse
1184 1053 1378 1109 quaeris?

146 1125 258 1167 Tum
284 1127 364 1177 ille,
387 1127 506 1167 istum
540 1127 686 1181 ipsum.
751 1125 806 1167 L.
841 1125 918 1167 Est
938 1126 1006 1166 tibi
1030 1140 1082 1166 ex
1106 1126 1163 1166 eis
1185 1125 1280 1180 ipsis
1312 1124 1378 1179 qui

147 1197 291 1238 adsunt
311 1197 417 1238 bella
439 1198 570 1253 copia,
585 1197 651 1237 uel
668 1206 711 1237 ut
728 1211 750 1237 a
772 1206 810 1237 te
828 1197 915 1251 ipso
933 1197 1106 1237 ordiare.
1159 1197 1269 1237 Tum
1290 1196 1379 1237 Sci-

146 1261 229 1323 pio,⁴
247 1278 366 1324 atque
389 1269 540 1309 utinam
559 1283 611 1309 ex
629 1269 737 1309 omni
760 1277 899 1309 senatu
922 1283 994 1322 pro
1011 1278 1097 1308 rata
1118 1278 1231 1323 parte
1250 1269 1376 1308 esset!

149 1340 222 1381 Set
242 1350 378 1381 tamen
403 1349 463 1381 est
484 1341 549 1381 ille
571 1340 764 1395 prudens,
789 1340 869 1394 qui,
892 1349 934 1379 ut
956 1353 1078 1394 saepe
1101 1340 1140 1379 in
1163 1338 1302 1380 Africa
1321 1339 1379 1379 ui-

147 1412 293 1463 dimus,
316 1412 494 1462 immani,
519 1421 558 1452 et
592 1421 730 1452 uastae
765 1411 940 1451 insidens
976 1411 1136 1461 beluae,
1155 1420 1318 1450 coercet
1341 1420 1380 1450 et

145 1485 248 1539 regit
268 1484 456 1535 beluam3
480 1497 737 1538 quocumque
755 1483 839 1523 uult
861 1483 940 1523 leui
958 1483 1164 1523 admonitu
1186 1496 1265 1522 non
1288 1491 1380 1523 actu

145 1555 313 1596 inflectit
349 1556 457 1596 illam
495 1554 637 1596 feram.
701 1553 756 1595 L.
788 1554 912 1604 Noui,
936 1563 976 1595 et
1011 1554 1081 1594 tibi
1119 1568 1212 1594 cum
1247 1568 1380 1595 essem

144 1627 299 1682 legatus
332 1641 455 1681 saepe
489 1627 586 1667 uidi.
652 1625 698 1667 S.
734 1625 846 1680 Ergo
881 1626 946 1667 ille
981 1627 1098 1667 indus
1128 1635 1195 1667 aut
1224 1640 1379 1681 poenus

146 1713 269 1738 unam
286 1707 451 1739 coercet
471 1698 633 1739 beluam
656 1707 697 1738 et
719 1712 809 1738 eam
833 1698 1007 1739 docilem
1026 1708 1065 1738 et
1086 1698 1271 1739 humanis
1293 1713 1380 1739 mo·
1417 1738 1420 1742 .

146 1769 256 1810 ribus
278 1769 488 1810 adsuetam
506 1783 515 1809 τ
548 1778 587 1809 at
608 1783 707 1810 uero
725 1783 774 1809 ea
793 1783 895 1824 quae
910 1769 1005 1811 latet
1026 1769 1065 1809 in
1089 1769 1229 1809 animis
1250 1769 1380 1810 homi—

145 1855 242 1882 num
266 1855 451 1896 quaeque
473 1855 566 1896 pars
589 1841 708 1881 animi
732 1855 846 1881 mens
868 1850 1049 1891 uocatur,
1072 1855 1151 1881 non
1174 1855 1295 1881 unam
1314 1851 1381 1882 aut

146 1911 307 1954 facilem
331 1913 381 1953 ad
404 1913 670 1968 subigendum
709 1912 838 1954 frenat
867 1922 906 1953 et
942 1913 1078 1953 domat
1101 1914 1132 1954 si
1156 1913 1316 1968 quando
1338 1914 1382 1956 id

147 1984 282 2034 efficit,
307 1985 416 2039 quod
441 1999 608 2040 perraro
630 1993 776 2041 potest.
839 1984 1030 2040 Namque
1054 1994 1094 2026 et
1115 1985 1182 2026 illa
1203 1985 1380 2027 tenenda

148 2065 210 2097 est
229 2054 345 2097 ferox
370 2087 525 2098 .....

209 2197 442 2231 Desiderantur
457 2199 598 2240 paginae
613 2209 718 2240 neque
737 2200 808 2240 plus
824 2205 910 2240 octo,
926 2210 1029 2240 neque
1049 2200 1153 2233 minus
1170 2205 1315 2240 quatuor.

559 2267 614 2307 7¹2(-
