1611 2708
281 220 336 263 14
559 263 564 268 .
679 238 740 268 DE
779 239 840 269 RE
878 239 1084 270 PVBLICA

275 342 468 383 entiorem
485 343 694 385 Socratem
710 346 819 386 soleo
833 347 1025 397 iudicare,
1043 348 1108 401 qui
1123 360 1283 388 omnem
1299 350 1492 391 eiusmodi

273 427 412 453 curam
436 415 691 468 deposuerit3
724 431 852 470 eaque
876 432 978 471 quae
1002 418 1052 458 de
1076 428 1214 459 natura
1253 433 1493 472 quaereren-

273 494 350 535 tur,
374 495 440 525 aut
461 486 612 526 maiora
635 501 753 540 quam
787 488 990 528 hominum
1024 490 1122 529 ratio
1144 490 1336 543 consequi
1358 491 1495 544 possit,

275 566 342 596 aut
363 556 457 596 nihil
480 557 640 597 omnino
663 558 713 598 ad
735 559 857 599 uitam
880 560 1085 599 hominum
1120 560 1299 600 adtinere
1335 561 1495 600 dixerit.

274 626 383 667 Dein
425 626 607 678 Tubero,
641 630 792 678 nescio,
827 629 1034 680 Africane,
1070 645 1142 670 cur
1183 631 1237 670 ita
1277 631 1498 671 memoriae

274 699 476 752 proditum
510 700 571 749 sit,
597 699 807 740 Socratem
842 714 1004 740 omnem
1039 701 1153 741 istam
1189 701 1498 754 disputationem

275 769 479 820 reiecisse,
499 780 537 810 et
554 780 705 811 tantum
724 771 774 810 de
793 771 873 810 uita
895 780 935 811 et
957 771 1006 810 de
1029 771 1206 811 moribus
1228 771 1386 810 solitum
1408 784 1498 811 esse

275 854 486 893 quaerere.
540 839 677 888 Quem
696 841 801 881 enim
820 850 1024 882 auctorem
1048 842 1097 882 de
1116 842 1180 881 illo
1197 841 1500 896 locupletiorem

277 909 447 950 Platone
465 910 629 950 laudare
652 911 894 966 possumus?
928 912 1041 952 euius
1063 913 1101 952 in
1123 912 1230 953 libris
1248 912 1379 952 multis
1401 912 1501 953 locis

277 981 331 1020 ita
356 980 527 1034 loquitur
564 981 766 1032 Socrates,
790 991 832 1022 ut
866 983 985 1022 etiam
1019 997 1111 1023 cum
1147 984 1197 1023 de
1231 983 1423 1033 moribus,
1448 983 1499 1023 de

278 1052 501 1102 uirtutibus,
526 1052 699 1106 denique
731 1053 781 1093 de
815 1067 858 1093 re
892 1053 1053 1107 publica
1090 1054 1275 1108 disputet,
1313 1067 1503 1094 numeros

274 1131 410 1162 tamen
437 1132 476 1162 et
501 1124 763 1176 geometriam
799 1133 838 1163 et
870 1124 1119 1165 harmoniam
1156 1125 1315 1165 studeat
1348 1124 1503 1179 Pytha-

278 1207 400 1246 gorae
435 1208 547 1233 more
582 1195 840 1247 coniungere.
903 1195 1013 1235 Tum
1050 1196 1203 1249 Scipio,
1227 1206 1317 1236 sunt
1351 1197 1438 1245 ista,
1461 1204 1505 1236 ut

280 1264 410 1314 dicis3
454 1267 554 1304 “set
597 1265 755 1305 audisse
797 1274 836 1304 te
879 1266 1017 1315 credo,
1054 1266 1236 1315 Tubero,
1275 1265 1504 1316 Platonem,

282 1335 451 1376 Socrate
506 1344 677 1385 mortuo,
719 1336 891 1390 primum
949 1337 987 1375 in
1031 1336 1264 1391 Aegyptum
1323 1335 1504 1376 discendi

282 1419 420 1455 causa,
443 1414 533 1459 post
566 1406 604 1445 in
642 1405 795 1446 Italiam
835 1416 874 1445 et
895 1406 932 1445 in
958 1406 1136 1446 Siciliam
1160 1406 1441 1446 contendisse'’
1465 1416 1511 1445 ut.

283 1475 539 1530 Pythagorae
582 1476 743 1516 inuenta
783 1477 1067 1530 perdisceret3
1112 1491 1286 1531 eumque
1330 1486 1370 1517 et
1413 1491 1506 1517 cum

283 1547 465 1600 Archyta
507 1547 717 1597 tarentino,
753 1556 791 1586 et
835 1562 927 1587 cum
966 1547 1139 1587 Timaeo
1186 1548 1295 1587 locro
1339 1547 1506 1588 multum

283 1618 404 1659 fuisse
423 1633 433 1670 3
457 1628 495 1658 et
517 1617 688 1658 Philolai
712 1618 1020 1658 commentarios
1044 1632 1132 1658 esse
1155 1629 1372 1658 nanctum:
1395 1633 1509 1658 cum-

286 1704 364 1744 que
383 1704 431 1729 co
448 1700 628 1743 tempore
648 1690 686 1728 in
704 1689 763 1729 his
781 1689 878 1729 locis
897 1689 1154 1743 Pythagorae
1168 1704 1323 1751 pomen
1341 1690 1510 1743 uigeret,

286 1761 395 1801 illum
439 1774 481 1800 se
525 1770 564 1800 et
605 1761 830 1800 hominibus
871 1761 1127 1814 pythagoreis
1169 1770 1209 1801 et
1249 1761 1388 1801 studiis
1438 1761 1511 1801 illis

288 1832 464 1872 dedisse.
543 1831 683 1885 ltaque
726 1845 818 1871 cum
865 1831 1075 1871 Socratem
1118 1832 1235 1872 unice
1279 1832 1512 1882 dilexisset;

290 1904 408 1957 cique
443 1902 575 1942 omnia
610 1903 785 1942 tribuere
820 1903 1025 1953 uoluisset,
1060 1903 1239 1957 leporem
1274 1904 1512 1944 socraticum

291 1975 629 2029 suptilitatemquc
654 1975 848 2014 sermonis
870 1989 963 2014 cum
985 1975 1225 2025 obscuritate
1256 1973 1512 2027 Pythagorae

293 2056 332 2088 et
354 2060 447 2086 cum
470 2046 533 2085 illa
552 2045 809 2099 plurimarum
834 2046 974 2084 artium
998 2045 1190 2099 grauitate
1213 2045 1434 2085 contexuit.

352 2116 429 2157 XI.
483 2116 601 2157 Haec
627 2116 763 2171 Scipio
786 2131 878 2156 cum
897 2117 1075 2166 dixisset,
1092 2116 1142 2157 L.
1160 2116 1327 2157 Furium
1350 2126 1515 2170 repente

295 2190 525 2231 venientum
556 2190 739 2243 aspexi13
773 2203 946 2242 eumque
981 2198 1024 2228 ut
1058 2189 1241 2229 salutauit
1276 2188 1514 2228 amicissime

298 2261 563 2316 adprehendit
586 2270 624 2301 ct
645 2261 683 2300 in
706 2260 811 2301 lecto
826 2274 897 2301 suo
913 2260 1151 2302 conlocauit.
1215 2258 1378 2301 Etcum
1400 2257 1514 2300 simul
