1611 2708
650 261 797 292 mez
835 259 886 290 11.
1302 242 1366 290 69

202 373 403 416 XXVIII.
437 371 653 428 Lycurgus
680 368 863 420 γέροντας
885 347 1205 409 Ιιαέειεᾶεῐηοῐιθ
1227 366 1366 421 appel-

144 445 253 495 lauit,
288 445 403 485 nimis
439 445 472 484 is
495 443 658 497 quidem
694 455 846 496 paucos
869 439 1087 491 XXVIII.,
1120 453 1220 495 quos
1240 451 1367 493 penes

144 530 341 556 summam
378 514 530 555 consilii
567 512 691 553 uoluit
724 525 827 561 esse,
865 525 959 551 eum
995 512 1136 566 imperi
1169 523 1367 552 summam

142 601 215 626 rex
249 594 418 625 teneret.
482 583 551 624 Ex
586 597 664 638 quo
684 583 808 623 nostri
840 582 950 623 idem
971 583 1056 623 illut
1089 583 1216 624 secuti
1249 592 1367 637 atque

142 657 402 710 interpretati,
427 670 526 710 quos
561 669 678 696 senes
700 655 765 695 ille
799 655 1028 709 appellauit,
1062 655 1371 695 nominauerunt

142 737 352 779 senatum3
386 737 430 768 ut
461 728 581 767 etiam
616 726 837 768 Romulum
873 727 1051 781 patribus
1087 727 1201 767 lectis
1223 726 1369 767 fecisse

143 798 345 850 diximus3
367 808 502 839 tamen
525 798 689 839 excellit
711 808 829 853 atque
848 799 998 839 eminet
1018 799 1078 839 uis
1100 808 1277 853 potestas
1298 814 1370 840 no-

142 883 317 924 menque
339 871 511 923 regium.
574 870 725 925 Inperti
749 870 869 910 etiam
900 870 1049 925 populo
1071 870 1278 924 potestatis
1301 869 1371 909 ali-

143 941 236 996 quid
253 956 265 993 ;
302 951 344 982 ut
366 951 406 982 et
427 941 643 996 Lycurgus
676 951 716 981 et
738 941 939 982 Romulus
958 956 969 993 3
1001 956 1080 982 non
1102 942 1255 982 satiaris
1278 954 1371 981 eum

140 1013 338 1063 libertate,
362 1014 434 1054 sed
451 1013 679 1055 incenderis
696 1013 915 1068 cupiditate
937 1013 1144 1064 libertatis,
1167 1027 1261 1053 cum
1284 1022 1372 1053 tan-

141 1084 352 1125 tummodo
381 1094 622 1139 potestatem
664 1085 849 1139 gustandi
886 1084 1058 1125 feceris:
1099 1085 1164 1125 ille
1208 1085 1372 1139 quidem

142 1168 303 1210 semper
344 1156 580 1210 inpendebit
618 1156 750 1205 timor,
787 1170 838 1196 ne
874 1170 949 1197 rex
988 1157 1096 1211 quod
1131 1157 1372 1212 plerumque

143 1226 291 1276 euenit,
316 1227 482 1268 exsistat
503 1228 684 1268 iniustus.
739 1226 815 1268 Est
836 1228 952 1281 igitur
974 1227 1123 1282 fragilis
1146 1242 1195 1269 ea
1216 1228 1375 1270 fortuna

141 1297 293 1351 populi,
324 1312 427 1352 quae
461 1299 591 1352 posita
612 1308 647 1339 st
667 1299 706 1338 in
729 1299 858 1349 unius,
881 1308 925 1340 ut
958 1300 1042 1340 dixi
1076 1286 1207 1351 antea,
1230 1301 1373 1342 uolun-

140 1378 223 1409 tate
247 1369 313 1408 uel
335 1370 529 1410 moribus.

199 1439 365 1480 XXIX.
400 1439 541 1487 Quare
574 1441 702 1495 prima
746 1443 795 1482 sit
829 1442 933 1483 haec
967 1441 1095 1483 forma
1133 1452 1173 1483 et
1214 1444 1372 1498 species

142 1521 182 1552 et
203 1512 315 1566 origo
337 1512 507 1566 tyranni,
530 1512 693 1553 inuenta
714 1514 829 1554 nobis
855 1514 893 1554 in
916 1528 966 1554 ea
986 1529 1030 1554 re
1052 1515 1227 1569 publiea,
1252 1529 1372 1570 quam

142 1583 349 1638 auspicato
373 1583 575 1624 Romulus
597 1585 836 1636 condiderit,
860 1600 938 1626 non
960 1586 1031 1626 illa⁷
1059 1601 1193 1640 quam,
1216 1597 1259 1627 ut
1280 1601 1373 1642 per-

142 1655 299 1709 scripsit
333 1654 465 1705 Plato,
501 1655 573 1695 sibi
605 1656 690 1710 ipse
727 1656 917 1697 Socrates
948 1658 1211 1712 peripatetico
1245 1658 1311 1699 illo
1332 1659 1372 1699 in

144 1740 329 1766 sermone
358 1726 599 1780 depinxerit.
663 1726 720 1767 Ut
752 1728 1095 1781 quemadmodum
1127 1728 1388 1784 Tarquinius1

142 1812 221 1838 non
243 1811 390 1837 nouam
412 1807 653 1851 potestatem
670 1786 825 1849 nactus,
849 1799 920 1839 sed
945 1814 1065 1854 quam
1081 1800 1256 1841 habebat
1277 1816 1372 1842 usus

143 1870 299 1920 iniuste,
323 1880 449 1910 totum
471 1884 597 1924 genus
619 1871 696 1911 hoc
725 1871 861 1925 regiae
883 1864 1055 1912 ciuitatis
1077 1873 1291 1925 euerterit3
1324 1874 1373 1914 sit

141 1942 234 1983 huic
256 1943 462 1997 oppositus
495 1942 607 1995 alter,
629 1942 758 1983 bonus
792 1952 832 1983 et
860 1936 1010 1999 Peritus
1046 1944 1221 1984 utilitatis
1244 1945 1372 1999 digni-

143 2013 313 2068 tatisque
336 2014 477 2064 ciuilis,
502 2015 614 2069 quasi
636 2024 740 2056 tutor
758 2024 798 2055 et
818 2024 1052 2069 procurator
1073 2016 1131 2056 rei
1153 2016 1339 2071 publicae
1359 2032 1371 2068 ;

145 2085 201 2126 sic
224 2085 330 2125 enim
354 2086 576 2140 appelletur
599 2087 843 2141 quicumque
862 2088 936 2128 erit
955 2097 1088 2129 rector
1111 2098 1151 2129 et
1172 2089 1372 2144 guberna-

144 2166 204 2197 tor
226 2157 411 2198 ciuitatis.
475 2156 614 2206 Quem
646 2160 776 2200 uirum
810 2158 929 2200 facite
952 2168 995 2200 ut
1028 2161 1279 2216 agnoscatis:
1312 2169 1373 2202 est

145 2229 252 2270 enim
287 2229 353 2284 qui
396 2230 560 2272 consilio
602 2240 641 2271 et
677 2245 802 2286 opera
843 2233 1047 2273 ciuitatem
1088 2233 1189 2273 tueri
1223 2242 1368 2287 potest.

144 2298 268 2350 Quod
301 2302 488 2359 quoniam
526 2316 674 2346 nomen
706 2304 837 2348 minus
871 2314 932 2347 est
963 2305 1096 2348 adhuc
1129 2305 1264 2347 tritum
1287 2319 1371 2347 ser-

570 2397 591 2408 e
