1611 2708
589 217 734 248 LIBER
771 217 822 249 11.
1248 207 1303 253 71

89 326 273 366 nominis.
343 323 585 381 Eademque
628 337 762 368 mente
804 326 855 368 P.
888 325 1076 368 Ualerius
1113 337 1154 368 et
1185 326 1317 370 fasces

90 396 242 452 prim‘us
265 396 419 437 demitti
442 397 565 447 iussit,
601 412 693 438 cum
717 399 853 439 dicere
876 399 914 439 in
949 399 1134 440 contione
1157 401 1316 455 coepis-

89 478 163 517 set,
199 477 238 507 et
272 468 383 507 aedis
417 482 509 507 suas
532 468 672 508 detulit
706 470 778 509 sub
812 469 988 520 Ueliam,
1021 481 1162 526 postea
1194 486 1314 527 quam

91 538 197 592 quod
220 538 258 578 in
295 538 519 578 excelsiore
542 539 632 579 loco
668 539 813 593 Ueliae
848 543 1048 595 coepisset
1085 544 1315 595 aedificare,

89 623 139 649 eo
160 609 247 663 ipso
279 609 347 649 ubi
382 623 455 650 rex
478 609 622 650 Tullus
658 611 920 671 habitauerat,
954 614 1222 667 suspicionem
1244 630 1318 669 po-

88 679 170 734 puli
193 680 315 720 sensit
351 682 520 721 moueri.
583 681 794 738 Idemque,
827 684 865 723 in
890 698 968 738 quo
1002 683 1074 724 fuit
1106 684 1349 728 Publicola*

88 750 281 801 maxime,
304 751 436 805 legem
460 753 510 793 ad
532 754 724 808 populum
747 755 832 795 tulit
850 769 939 795 eam
964 769 1066 810 quae
1089 758 1319 798 centuriatis

88 822 257 862 comitiis
289 823 418 876 prima
440 824 519 864 lata
541 835 613 875 est,
648 827 790 881 nequis
811 828 1064 881 magistratus
1097 829 1231 869 ciuem
1253 843 1319 870 ro-

89 906 251 933 manum
274 893 468 935 aduersus
496 899 826 950 prouocationem
849 909 1014 940 necaret
1044 914 1149 940 neue
1172 901 1318 941 uerbe-

87 973 207 1005 raret.
262 967 287 986 ‘⁶
304 963 643 1008 Prouocationem
667 979 800 1010 autem
824 971 943 1010 etiam
967 985 989 1011 a
1011 972 1173 1025 regibus
1195 971 1317 1014 fuisse

91 1036 299 1078 declarant
319 1040 496 1092 pontifici
518 1041 648 1092 libri,'’
671 1043 894 1096 significant
910 1045 1031 1084 nostri
1055 1046 1174 1084 etiam
1193 1059 1318 1100 augu-

88 1112 219 1152 rales:
255 1113 431 1166 itemque
456 1113 503 1152 ab
538 1114 645 1153 omni
678 1114 826 1155 iudicio
858 1108 1071 1170 poenaque
1105 1118 1317 1170 prouocari

88 1185 226 1237 licere,
259 1187 438 1227 indicant
459 1184 556 1226 XII.
589 1186 749 1226 tabulae
784 1187 1040 1241 conpluribus
1062 1187 1244 1241 legibus:
1277 1197 1319 1229 ut

91 1258 198 1312 quod
220 1257 641 1312 proditumanemoria
662 1267 722 1298 est
744 1256 799 1298 X.
828 1259 948 1308 uiros,
973 1258 1038 1312 qui
1060 1258 1171 1313 leges
1194 1259 1318 1300 scrib-

89 1330 224 1380 serint,
250 1330 333 1370 sine
356 1329 643 1383 prouocatione
661 1338 831 1379 creatos,
855 1330 948 1369 satis
970 1331 1202 1380 ostenderit,
1226 1331 1318 1371 reli-

92 1414 191 1454 quos
215 1401 299 1441 sine
322 1401 609 1454 prouocatione
644 1400 896 1453 magistratus
932 1415 1011 1440 non
1034 1400 1169 1441 fuisse.
1233 1401 1319 1442 Lu-

88 1471 219 1526 ciique
242 1471 382 1512 Ualeri
417 1470 538 1511 Potiti
562 1480 602 1510 et
635 1469 696 1511 Μ.
720 1470 861 1510 Horati
897 1470 1076 1522 Barbati,
1111 1473 1317 1514 hominurn

58 1556 65 1563 ·
89 1544 331 1584 concordiae
355 1557 477 1585 causa
499 1544 699 1598 sapienter
719 1542 986 1598 popularium,
1010 1544 1228 1585 consularis
1251 1544 1319 1585 lex

89 1616 233 1666 sanxit,
255 1630 306 1656 ne
330 1617 396 1670 qui
414 1616 666 1669 magistratus
689 1615 772 1655 sine
787 1601 1073 1669 prouocatione
1096 1626 1316 1656 crearetur.

90 1686 238 1741 Neque
261 1676 359 1727 uero
380 1687 492 1741 leges
523 1687 700 1740 porciae,
724 1699 826 1740 quae
850 1695 931 1726 tres
965 1695 1054 1727 sunt
1074 1687 1193 1727 trium
1216 1687 1319 1728 Por-

90 1759 259 1809 ciorum,
294 1769 336 1798 ut
359 1759 480 1808 scitis,
516 1757 732 1812 quicquam
753 1766 913 1811 praeter
946 1757 1194 1798 sanctionem
1217 1766 1319 1798 attu-

89 1832 220 1872 lerunt
255 1830 363 1870 noui.
425 1828 566 1884 Itaque
590 1828 802 1868 Publicola
835 1828 924 1882 lege
948 1828 1013 1868 illa
1047 1828 1098 1868 de
1120 1842 1319 1883 prouoca-

90 1903 197 1943 tione
235 1902 327 1952 lata,
371 1902 501 1942 statim
539 1901 691 1941 securis
733 1901 784 1940 de
820 1899 994 1940 fascibus
1036 1899 1144 1939 demi
1182 1900 1319 1940 iussit:

91 1974 363 2030 postridieque
387 1974 459 2014 sibi
481 1973 679 2027 collegam
704 1972 775 2026 Sp.
800 1971 1037 2012 Lucretium
1061 1971 1319 2025 subrogauit;

91 2059 265 2099 suosque
288 2046 339 2085 ad
362 2059 469 2095 eum,
501 2045 607 2099 quod
631 2052 716 2084 erat
736 2043 863 2084 maior
898 2053 1008 2093 natu,
1030 2042 1191 2083 lictores
1212 2052 1319 2082 tran·
1344 2073 1355 2090 4

91 2118 168 2159 sire
192 2117 332 2157 iussit:
363 2117 606 2170 instituitque
641 2116 806 2170 primus,
830 2124 872 2155 ut
905 2115 1067 2170 singulis
1090 2115 1318 2155 consulibus

92 2189 253 2230 alternis
275 2189 478 2228 mensibus
500 2188 659 2228 lictores
692 2188 906 2242 praeirent,
929 2201 979 2227 ne
1001 2187 1115 2241 plura
1151 2185 1319 2239 insignia

90 2270 226 2301 essent
247 2260 386 2315 inperii
409 2260 447 2300 in
465 2260 589 2300 libero
611 2259 772 2314 populo,
797 2273 915 2313 quam
933 2259 973 2299 in
994 2272 1118 2312 regno
1135 2257 1314 2299 fuissent.
