1611 2708
639 209 787 241 Llssssss
827 209 897 240 111.
1324 195 1387 241 85

154 322 234 363 otio
259 335 308 362 ac
339 321 479 362 litteris
507 329 675 361 tractata
711 334 790 370 res,
814 320 917 360 sicut
939 329 1012 370 est,
1035 319 1199 359 minime
1222 317 1388 373 quidem

153 395 467 444 contemnenda,
502 394 602 434 ratio
637 393 766 433 ciuilis
801 402 841 433 et
868 393 1077 447 disciplina
1117 391 1388 447 populorum3

156 481 258 522 quae
280 466 437 521 perficit
458 466 497 514 in
517 465 633 504 bonis
664 464 847 518 ingeniiS,
871 464 910 504 id
934 465 1042 518 quod
1071 465 1152 504 iam
1185 478 1386 519 persaepe

153 538 337 593 perfecit,
361 547 402 577 ut
423 536 668 577 incredibilis
691 536 895 590 quaedam
930 545 968 575 et
1003 536 1138 576 diuina
1168 536 1292 578 uirtus
1314 550 1388 576 ex·
1410 590 1413 596 1

153 610 323 650 sisteret.
387 607 514 657 Quod
537 608 658 662 siquis
682 608 731 648 ad
756 622 805 648 ea
826 608 1087 670 instrumenta
1123 608 1257 658 animi,
1283 622 1387 663 quae
1412 597 1416 603 ⁵

151 692 306 732 natura,
329 695 516 736 quaeque
550 680 719 721 eiuilbus
756 680 940 721 institutis
973 680 1125 731 habuit,
1161 681 1385 735 adiungen-

153 756 247 796 dam
271 755 343 796 sibi
366 755 486 795 etiam
522 754 760 803 doctrinam,
783 763 824 794 et
856 754 1085 794 uberiorem
1118 768 1254 794 rerum
1291 768 1388 808 cog-

151 827 343 867 nitionem
379 827 547 881 putauit,
584 836 625 866 ut
661 826 686 866 ii
723 827 796 881 ipsi
836 826 902 881 qui
939 826 978 866 in
1014 826 1159 866 horum
1196 826 1388 866 librorum

153 899 420 953 disputatione
455 909 680 948 uersantur,
703 912 824 938 nemo
859 908 920 939 est
954 898 1049 952 quin
1084 913 1154 939 eos
1188 898 1388 939 anteferre

150 971 336 1011 omnibus
359 971 520 1011 debeat.
585 969 698 1018 Quid
721 971 827 1010 enim
849 980 982 1025 potest
1012 985 1101 1012 esse
1124 971 1386 1026 praeclarius,

151 1057 272 1097 quam
296 1057 391 1097 qum
413 1057 548 1083 rerum
570 1057 807 1097 magnarum
828 1043 1012 1084 tractatio
1036 1054 1155 1098 atque
1181 1059 1275 1085 usus
1293 1059 1387 1085 cum

150 1115 308 1155 illarum
331 1115 474 1155 artium
497 1115 636 1155 studiis
659 1125 699 1155 et
720 1115 947 1169 cognitione
971 1115 1256 1170 coniungitur?
1304 1117 1389 1157 Aut

152 1187 248 1242 quid
266 1186 317 1227 P.
336 1187 543 1241 Scipione,
560 1188 654 1241 quid
674 1185 726 1227 C.
743 1187 901 1237 Laelio,
918 1188 1013 1242 quid
1038 1187 1089 1228 L.
1114 1187 1205 1228 Pilo
1227 1188 1388 1243 perfec-

150 1260 227 1301 tius
279 1260 446 1313 cogitari
486 1259 650 1314 potest?
694 1260 761 1314 qui
814 1260 964 1314 nequid
1006 1261 1386 1315 praetermitterent,

150 1331 258 1387 quod
282 1332 333 1372 ad
355 1345 555 1371 summam
588 1331 752 1371 laudem
775 1331 974 1372 clarorum
1008 1333 1187 1373 uirorum
1209 1334 1386 1388 pertine-

149 1412 223 1453 ret,
267 1404 318 1442 ad
372 1403 687 1443 domesticorum
738 1404 1019 1458 maiorumque
1062 1419 1218 1445 morem
1262 1407 1383 1446 etiam

147 1475 252 1515 hanc
276 1488 299 1514 a
322 1473 493 1515 Socrate
531 1474 804 1514 aduenticiam
839 1476 1063 1516 doctrinam
1099 1477 1382 1518 adhibuerunt.

148 1545 290 1595 Quare
315 1547 381 1600 qui
415 1557 630 1600 utrumque
665 1546 791 1587 uoluit
824 1556 864 1587 et
891 1549 1032 1602 potuit,
1057 1548 1097 1589 id
1134 1559 1195 1590 est
1216 1559 1259 1590 ut
1285 1565 1382 1605 qum

148 1619 346 1660 maiorum
367 1619 552 1659 institutis
573 1629 658 1659 tum
682 1620 864 1660 doctrina
893 1635 935 1661 se
970 1622 1198 1673 instrueret,
1223 1624 1274 1664 ad
1297 1624 1383 1664 lau-

149 1691 244 1732 dem
284 1691 393 1731 huno
426 1691 562 1732 omnia
594 1701 859 1733 consecutum
901 1702 1013 1747 puto.
1079 1694 1151 1734 Sin
1186 1694 1299 1736 aliter
1334 1696 1383 1737 sit

147 1773 236 1804 utra
257 1763 324 1803 uia
343 1763 582 1818 prudentiae
618 1763 848 1818 deligenda,
870 1774 1006 1805 tamen
1045 1766 1166 1806 etiam
1201 1767 1301 1807 sicui
1325 1767 1384 1807 ui-

147 1834 306 1875 debitur
327 1834 393 1875 illa
414 1835 453 1874 in
475 1835 635 1889 optimis
661 1836 800 1876 studiis
837 1846 875 1876 et
914 1837 1064 1878 artibus
1104 1838 1240 1893 quieta
1272 1840 1381 1881 uitae

143 1907 245 1947 ratio
267 1907 434 1957 beatior,
457 1907 560 1947 haec
583 1908 712 1948 ciuilis
732 1908 969 1950 laudabilior
992 1920 1054 1951 est
1074 1920 1187 1951 certe
1210 1921 1250 1952 et
1278 1912 1382 1952 inlu-

145 1977 261 2019 strior
279 1993 290 2018 :
322 1993 375 2020 ex
398 1994 477 2034 qua
497 1980 580 2020 uita
601 1980 658 2022 sio
680 1981 826 2021 summi
848 1982 922 2022 uiri
944 1992 1149 2034 ornantur,
1172 1993 1214 2025 ut
1235 1985 1302 2025 uel
1315 1984 1377 2026 Μ’

146 2049 311 2102 Curius,

145 2120 286 2172 Quem
307 2138 428 2167 nemo
450 2124 556 2167 ferro
576 2126 707 2181 potuit
728 2140 919 2182 superare
933 2125 1021 2185 {neo
1043 2143 1170 2182 aur0;
1202 2130 1269 2171 uel
1293 2161 1302 2172 .
1330 2162 1339 2171 .
1366 2161 1376 2174 .

462 2270 650 2301 Desiderari
671 2271 822 2303 uidentur
836 2273 977 2314 paginae
992 2284 1060 2306 sex.

557 2343 584 2380 8
