1611 2708
243 226 330 271 134
646 243 708 274 DE
746 243 808 275 RE
845 244 1054 277 Pvech

289 351 405 393 XIV.
441 351 523 393 Hie
546 367 636 407 ego,
663 354 737 395 etsi
759 368 870 397 eram
892 357 1124 411 perterritus
1144 371 1224 399 non
1245 368 1326 400 tam
1349 372 1459 402 metu

228 426 366 466 mortis
401 440 521 480 quam
559 426 791 468 insidiarum
814 443 838 469 a
872 429 988 480 meis,
1024 431 1204 485 quaesiui
1227 442 1376 484 tamen,
1399 434 1460 474 ui-

228 507 393 538 uei-eme
411 497 497 552 ipse
520 507 560 539 et
582 497 733 540 Paulus
750 510 864 555 pater
887 511 927 542 et
948 502 1025 553 alii,
1051 518 1150 558 quos
1167 518 1240 545 nos
1258 505 1459 547 extinctos

226 571 523 611 arbitraremur.
587 570 717 612 Immo
750 587 862 623 uero,
900 574 1038 629 inquit,
1077 576 1101 615 ii
1125 576 1277 626 uiuunt,
1313 578 1380 632 qui
1403 591 1457 618 ex

223 657 439 697 corporum
473 643 656 694 uinculis,
690 654 896 700 tamquam
919 660 941 686 e
975 660 1142 688 carcere
1164 649 1456 689 euolauerunt:

219 725 354 756 uestra
376 729 474 755 uero
508 729 610 769 quae
635 716 778 757 dicitur
800 718 894 768 uita,
918 732 1025 760 mors
1049 729 1135 760 est:
1169 721 1263 774 quin
1285 731 1326 760 tu
1349 721 1455 775 aspi—

220 789 302 829 cias
338 789 388 828 ad
422 798 461 828 16
500 789 730 829 uenientem
763 788 938 830 Paulum
968 801 1140 846 patrem.
1205 791 1343 840 Quem
1386 793 1452 834 ubi

219 861 314 911 uidi,
340 861 530 915 equidem
549 861 630 901 uim
652 861 905 903 lacrimarum
925 862 1086 918 profudi
1107 878 1116 903 ε
1138 864 1203 905 1116
1227 874 1362 905 autern
1385 877 1452 905 me

218 933 442 987 amplexus
465 943 583 987 atque
607 934 793 974 osculans
816 933 913 975 flere
935 935 1187 989 prohibebat.

274 1005 371 1046 XV.
406 1005 541 1059 Atque
577 1019 653 1059 ego
685 1014 727 1045 ut
757 1006 944 1060 primum,
978 1006 1073 1047 fletu
1107 1020 1307 1061 represso,
1340 1007 1446 1062 loqui

217 1092 333 1131 posse
357 1077 489 1130 coepi,
524 1090 688 1130 quaeso,
711 1078 887 1131 inquam,
921 1087 1034 1131 patei·
1056 1078 1304 1118 sanctissime
1328 1088 1448 1132 atque

213 1151 378 1204 optime,
399 1148 586 1203 quoniam
610 1148 712 1188 haee
735 1157 795 1187 est
811 1149 907 1198 uita,
930 1158 973 1188 ut
989 1146 1227 1189 Africanum
1246 1149 1364 1189 audio
1388 1149 1448 1189 di-

212 1236 322 1271 1616,
348 1221 441 1275 quid
462 1235 596 1261 moror
614 1219 652 1260 in
674 1220 790 1260 terris
814 1220 907 1274 quin
924 1220 1017 1260 hine
1041 1220 1091 1260 ad
1109 1234 1182 1260 uos
1199 1220 1336 1260 uenire
1354 1234 1448 1274 pro·

211 1292 340 1349 pero?
376 1292 469 1333 Non
493 1302 554 1332 est
574 1292 641 1341 ita,
665 1291 791 1346 inquit
812 1291 877 1331 ille
898 1305 908 1330 τ
930 1291 1003 1332 nisi
1026 1290 1142 1332 Deus
1160 1292 1206 1341 is,
1230 1292 1344 1332 cuius
1365 1292 1445 1332 hoc

208 1365 403 1420 tempium
427 1373 488 1404 est
509 1377 628 1403 omne
653 1362 761 1417 quod
784 1363 984 1418 conspicis
1006 1363 1088 1404 istis
1109 1372 1149 1403 te
1172 1363 1352 1418 corporis
1374 1378 1445 1404 611-

209 1438 349 1479 stodiis
380 1436 627 1486 liberauerit,
662 1436 741 1476 hue
764 1435 832 1475 tibi
856 1435 986 1476 aditus
1021 1444 1161 1489 patere
1183 1449 1262 1475 non
1285 1444 1416 1489 potest
1436 1449 1445 1474 ε

209 1509 411 1552 Homines
444 1508 551 1548 enim
586 1516 675 1547 sunt
696 1507 773 1547 hae
805 1507 895 1560 lege
918 1506 1111 1559 generati,
1147 1506 1213 1560 qui
1236 1515 1444 1546 tuerentur

209 1583 319 1623 illum
353 1581 532 1635 globum,
568 1593 688 1633 quem
723 1579 762 1618 in
797 1578 875 1618 hoc
908 1577 1060 1632 templo
1093 1577 1275 1618 medium
1311 1577 1442 1627 uides,

211 1669 314 1711 quae
351 1664 459 1694 lei-ra
494 1652 665 1693 dicitur:
697 1651 838 1705 hisque
874 1650 1029 1691 animus
1061 1650 1177 1690 datus
1212 1659 1272 1690 est
1294 1663 1346 1690 ex
1369 1649 1443 1689 illis

209 1726 462 1782 ‚sempiternis
496 1724 667 1779 ignibus,
704 1736 808 1778 quae
843 1722 976 1763 sidera
1013 1730 1053 1762 et
1090 1721 1224 1762 stellas
1260 1721 1442 1762 uocatis:

210 1814 313 1856 quae
337 1799 528 1853 globosae
552 1805 592 1835 61
608 1794 820 1844 rotundae,
844 1793 988 1834 diuinis
1004 1793 1203 1833 animatae
1226 1792 1441 1842 mentibus,

210 1875 340 1914 vii-vos
379 1885 471 1911 suos
508 1869 709 1922 orbesque
747 1867 965 1908 conficiunt
1006 1865 1211 1906 celeritate
1253 1863 1439 1904 mirabili.

210 1947 353 1996 Quare
390 1954 429 1985 ct
463 1943 546 1992 tibi,
591 1941 725 1990 Publi,
749 1950 788 1981 et
810 1940 884 1995 piis
920 1939 1104 1980 omnibus
1126 1938 1358 1978 retinendus
1381 1946 1442 1978 est

209 2020 364 2062 animus
386 2018 424 2057 111
447 2015 631 2056 custodia
667 2013 873 2069 corporis:
904 2025 981 2052 nec
1004 2012 1152 2051 iniussu
1176 2011 1275 2060 eius,
1315 2023 1336 2049 a
1361 2022 1440 2064 quo

208 2093 273 2133 1116
298 2100 357 2131 est
382 2089 494 2129 uobis
518 2087 647 2137 datus,
672 2100 724 2126 ex
757 2085 962 2125 hominum
985 2083 1067 2124 uita
1087 2082 1340 2136 migrandum
1364 2090 1438 2131 est,

211 2180 259 2206 116
302 2176 445 2203 munus
483 2161 702 2201 hunmmun
746 2157 998 2211 adsignatum
1041 2169 1064 2195 a
1095 2154 1189 2195 Deo
1232 2152 1437 2208 defugisse

212 2235 442 2279 ,1111661111111θ
507 2232 592 2272 Sed
615 2232 685 2281 sic,
711 2230 863 2284 Scipio,
886 2238 929 2268 ut
946 2242 1044 2268 auus
1066 2227 1130 2267 1116
1153 2236 1257 2276 tuus,
1281 2234 1323 2266 ut
1345 2238 1433 2278 eg0‚

211 2311 276 2367 qui
300 2319 338 2349 te
363 2306 497 2362 genui,
520 2304 707 2345 immitium
730 2302 817 2343 cole
841 2310 880 2342 et
903 2301 1093 2355 pietatem
1114 2314 1123 2338 ε
1147 2313 1250 2353 quae
1273 2310 1366 2338 cum
1387 2296 1434 2335 sit
