1611 2708
539 606 599 649 M.
632 606 812 650 TVLLI
844 606 1167 650 CICERONIS

412 795 549 853 DE
607 795 741 852 RE
799 795 1298 854 PVBLICA

731 1117 895 1153 LIBER
924 1117 972 1153 V.

301 1240 327 1264 ⁹⁶
343 1239 368 1264 ’κ
383 1239 415 1280 Ι.
450 1237 626 1287 Quando
643 1253 708 1279 res
729 1239 890 1293 publica
906 1253 1070 1280 romana
1094 1254 1171 1280 non
1189 1241 1267 1282 iam
1290 1243 1463 1296 pessima

242 1325 290 1353 ac
312 1311 617 1365 flagitiosissima
639 1311 711 1350 sed
733 1311 895 1350 omnino
917 1311 1022 1350 nulla
1046 1321 1143 1361 erat,
1167 1313 1389 1353 secundum
1413 1315 1464 1354 is-

240 1392 321 1423 tam
362 1383 557 1423 rationem
601 1396 718 1435 quam
757 1381 970 1435 disputatio
1003 1382 1053 1421 de
1096 1396 1137 1422 re
1161 1383 1321 1437 publica
1363 1385 1466 1424 inter

240 1469 407 1507 magnos
445 1455 529 1494 eius
565 1463 648 1493 tum
684 1454 885 1507 principes
915 1453 1049 1492 habita
1082 1453 1286 1507 patefecit.
1351 1454 1465 1495 Sicut

240 1526 359 1565 etiam
383 1526 467 1578 ipse
489 1525 648 1564 Tullius
673 1538 751 1563 non
776 1523 974 1576 Scipionis
1007 1537 1082 1563 nec
1105 1525 1340 1578 cuiusquam
1364 1526 1463 1565 alte—

238 1597 333 1645 rius,
357 1596 429 1636 sed
452 1610 523 1635 suo
546 1608 730 1635 sermone
753 1594 920 1647 loquens
943 1594 979 1632 in
1002 1595 1196 1648 principio
1229 1596 1350 1649 quinti
1375 1597 1461 1636 libri

240 1667 541 1716 demonstrauit,
564 1674 879 1706 commemorato
899 1665 1008 1718 prius
1032 1664 1152 1705 Ennii
1173 1669 1318 1720 poetae
1342 1681 1461 1708 uersu

240 1751 320 1793 quo
343 1737 514 1786 dixerat,

296 1807 478 1849 Moribus
500 1807 668 1861 antiquis
690 1820 754 1846 res
776 1816 851 1847 stat
872 1820 1035 1847 romana
1055 1807 1228 1862 uirisque
1249 1822 1258 1846 ε

238 1894 358 1934 quem
397 1880 558 1933 quidem
596 1878 660 1918 ille
696 1892 871 1928 uersum,
907 1879 1043 1932 inquit,
1079 1879 1143 1918 uel
1178 1880 1370 1919 breuitate
1393 1880 1458 1920 uei

237 1951 404 1991 ueritate
427 1960 630 2004 tamquam
653 1963 705 1989 ex
737 1949 899 1989 oraculo
922 1950 1016 1989 mihi
1050 1950 1223 2003 quodam
1248 1964 1335 1990 esse
1360 1951 1458 1990 effa-

235 2031 299 2062 tus
321 2021 491 2060 uidetur.
555 2020 662 2060 Nam
686 2034 815 2073 neque.
849 2021 935 2069 uiri,
959 2021 1029 2059 nisi
1054 2021 1105 2059 ita
1143 2030 1292 2060 morata
1316 2021 1457 2061 ciuitas

237 2092 389 2142 suisset,
412 2105 542 2145 neque
566 2104 696 2130 mores
719 2090 789 2130 nisi
815 2091 851 2129 hi
885 2091 955 2129 uiri
979 2090 1256 2143 praefuissent,
1281 2101 1345 2131 aut
1370 2091 1456 2131 sun-

235 2165 333 2204 dare
356 2173 420 2202 aut
443 2162 592 2202 tamdiu
615 2170 751 2200 tenere
774 2161 992 2214 potuissent
1021 2170 1166 2200 tamam
1192 2170 1230 2200 et
1253 2170 1331 2201 tam
1355 2162 1454 2201 iuste

234 2235 393 2288 lateque
417 2233 677 2287 imperantem
701 2246 784 2271 rem
809 2232 1023 2284 publicam.
1088 2231 1227 2285 Itaque
1252 2242 1340 2271 ante
1363 2246 1452 2272 nos-

233 2315 333 2347 tram
358 2305 608 2353 memoriam,
631 2309 671 2344 et
690 2317 776 2344 mos
798 2303 882 2358 ipse
909 2302 1058 2357 patrius
1078 2311 1324 2357 praestantes
1346 2303 1450 2342 uiros
