<?xml version="1.0" encoding="UTF-8"?>
<!DOCTYPE html PUBLIC "-//W3C//DTD XHTML 1.0 Transitional//EN"
    "http://www.w3.org/TR/xhtml1/DTD/xhtml1-transitional.dtd">
<html xmlns="http://www.w3.org/1999/xhtml" xml:lang="en" lang="en">
 <head>
  <title>
</title>
<meta http-equiv="Content-Type" content="text/html;charset=utf-8" />
  <meta name='ocr-system' content='tesseract 3.04.00' />
  <meta name='ocr-capabilities' content='ocr_page ocr_carea ocr_par ocr_line ocrx_word'/>
</head>
<body>
  <div class='ocr_page' id='page_1' title='image "./derepublica00ciceuoft_0095.png"; bbox 0 0 1611 2708; ppageno 0'>
   <div class='ocr_carea' id='block_1_1' title="bbox 616 258 1337 304">
    <p class='ocr_par' dir='ltr' id='par_1_1' title="bbox 616 258 1337 304">
     <span class='ocr_line' id='line_1_1' title="bbox 616 258 1337 304; baseline -0.003 -1"><span class='ocrx_word' id='word_1_1' title='bbox 616 272 763 304; x_wconf 82' lang='lat' dir='ltr'><strong>LIBER</strong></span> <span class='ocrx_word' id='word_1_2' title='bbox 805 273 855 302; x_wconf 89' lang='lat'>11.</span> <span class='ocrx_word' id='word_1_3' title='bbox 1275 258 1337 303; x_wconf 70' lang='lat'>73</span> 
     </span>
    </p>
   </div>
   <div class='ocr_carea' id='block_1_2' title="bbox 115 381 1355 2306">
    <p class='ocr_par' dir='ltr' id='par_1_2' title="bbox 115 381 1350 1369">
     <span class='ocr_line' id='line_1_2' title="bbox 115 381 1337 439; baseline -0.005 -13"><span class='ocrx_word' id='word_1_4' title='bbox 115 384 238 426; x_wconf 87' lang='lat' dir='ltr'>uincit</span> <span class='ocrx_word' id='word_1_5' title='bbox 259 385 345 439; x_wconf 89' lang='lat' dir='ltr'>ipsa</span> <span class='ocrx_word' id='word_1_6' title='bbox 366 397 500 424; x_wconf 88' lang='lat' dir='ltr'>rerum</span> <span class='ocrx_word' id='word_1_7' title='bbox 536 382 785 437; x_wconf 83' lang='lat' dir='ltr'>publicarum</span> <span class='ocrx_word' id='word_1_8' title='bbox 807 392 948 423; x_wconf 85' lang='lat' dir='ltr'>natura</span> <span class='ocrx_word' id='word_1_9' title='bbox 981 395 1103 437; x_wconf 82' lang='lat' dir='ltr'>saepe</span> <span class='ocrx_word' id='word_1_10' title='bbox 1127 381 1337 421; x_wconf 85' lang='lat' dir='ltr'>rationem.</span> 
     </span>
     <span class='ocr_line' id='line_1_3' title="bbox 116 452 1340 508; baseline -0.005 -10"><span class='ocrx_word' id='word_1_11' title='bbox 116 457 163 498; x_wconf 92' lang='lat' dir='ltr'>Id</span> <span class='ocrx_word' id='word_1_12' title='bbox 186 457 292 497; x_wconf 89' lang='lat' dir='ltr'>enim</span> <span class='ocrx_word' id='word_1_13' title='bbox 313 463 503 504; x_wconf 86' lang='lat' dir='ltr'>tenetote,</span> <span class='ocrx_word' id='word_1_14' title='bbox 527 453 634 507; x_wconf 90' lang='lat' dir='ltr'>quod</span> <span class='ocrx_word' id='word_1_15' title='bbox 655 453 765 493; x_wconf 90' lang='lat' dir='ltr'>initio</span> <span class='ocrx_word' id='word_1_16' title='bbox 783 453 880 503; x_wconf 85' lang='lat' dir='ltr'>dixi,</span> <span class='ocrx_word' id='word_1_17' title='bbox 902 453 976 494; x_wconf 89' lang='lat' dir='ltr'>nisi</span> <span class='ocrx_word' id='word_1_18' title='bbox 999 452 1217 508; x_wconf 86' lang='lat' dir='ltr'>aequabilis</span> <span class='ocrx_word' id='word_1_19' title='bbox 1237 452 1340 492; x_wconf 84' lang='lat' dir='ltr'>haec</span> 
     </span>
     <span class='ocr_line' id='line_1_4' title="bbox 117 524 1341 580; baseline -0.004 -11"><span class='ocrx_word' id='word_1_20' title='bbox 117 530 155 569; x_wconf 92' lang='lat' dir='ltr'>in</span> <span class='ocrx_word' id='word_1_21' title='bbox 177 528 337 570; x_wconf 85' lang='lat' dir='ltr'>ciuitate</span> <span class='ocrx_word' id='word_1_22' title='bbox 355 524 629 580; x_wconf 82' lang='lat' dir='ltr'>compensatio</span> <span class='ocrx_word' id='word_1_23' title='bbox 647 525 695 565; x_wconf 88' lang='lat' dir='ltr'>sit</span> <span class='ocrx_word' id='word_1_24' title='bbox 717 533 756 564; x_wconf 90' lang='lat' dir='ltr'>et</span> <span class='ocrx_word' id='word_1_25' title='bbox 777 525 871 565; x_wconf 86' lang='lat' dir='ltr'>iuris</span> <span class='ocrx_word' id='word_1_26' title='bbox 889 534 929 565; x_wconf 88' lang='lat' dir='ltr'>et</span> <span class='ocrx_word' id='word_1_27' title='bbox 948 525 1068 566; x_wconf 87' lang='lat' dir='ltr'>officii</span> <span class='ocrx_word' id='word_1_28' title='bbox 1091 534 1131 565; x_wconf 88' lang='lat' dir='ltr'>et</span> <span class='ocrx_word' id='word_1_29' title='bbox 1151 525 1341 574; x_wconf 79' lang='lat' dir='ltr'>muneris,</span> 
     </span>
     <span class='ocr_line' id='line_1_5' title="bbox 118 595 1344 654; baseline -0.003 -14"><span class='ocrx_word' id='word_1_30' title='bbox 118 609 160 641; x_wconf 93' lang='lat' dir='ltr'>ut</span> <span class='ocrx_word' id='word_1_31' title='bbox 181 608 221 640; x_wconf 89' lang='lat' dir='ltr'>et</span> <span class='ocrx_word' id='word_1_32' title='bbox 261 598 468 654; x_wconf 86' lang='lat' dir='ltr'>potestatis</span> <span class='ocrx_word' id='word_1_33' title='bbox 505 597 599 638; x_wconf 87' lang='lat' dir='ltr'>satis</span> <span class='ocrx_word' id='word_1_34' title='bbox 632 596 671 636; x_wconf 87' lang='lat' dir='ltr'>in</span> <span class='ocrx_word' id='word_1_35' title='bbox 693 596 1002 650; x_wconf 80' lang='lat' dir='ltr'>magistratibus,</span> <span class='ocrx_word' id='word_1_36' title='bbox 1041 605 1079 636; x_wconf 88' lang='lat' dir='ltr'>et</span> <span class='ocrx_word' id='word_1_37' title='bbox 1102 595 1344 636; x_wconf 79' lang='lat' dir='ltr'>auctoritatis</span> 
     </span>
     <span class='ocr_line' id='line_1_6' title="bbox 117 661 1344 726; baseline -0.004 -14"><span class='ocrx_word' id='word_1_38' title='bbox 117 672 155 712; x_wconf 89' lang='lat' dir='ltr'>in</span> <span class='ocrx_word' id='word_1_39' title='bbox 177 671 403 726; x_wconf 87' lang='lat' dir='ltr'>principum</span> <span class='ocrx_word' id='word_1_40' title='bbox 436 669 616 719; x_wconf 87' lang='lat' dir='ltr'>consilio,</span> <span class='ocrx_word' id='word_1_41' title='bbox 651 677 691 709; x_wconf 90' lang='lat' dir='ltr'>et</span> <span class='ocrx_word' id='word_1_42' title='bbox 711 661 903 708; x_wconf 81' lang='lat' dir='ltr'>libertatis</span> <span class='ocrx_word' id='word_1_43' title='bbox 925 668 963 708; x_wconf 91' lang='lat' dir='ltr'>in</span> <span class='ocrx_word' id='word_1_44' title='bbox 997 667 1147 722; x_wconf 90' lang='lat' dir='ltr'>populo</span> <span class='ocrx_word' id='word_1_45' title='bbox 1170 667 1232 718; x_wconf 89' lang='lat' dir='ltr'>sit,</span> <span class='ocrx_word' id='word_1_46' title='bbox 1264 682 1344 708; x_wconf 87' lang='lat' dir='ltr'>non</span> 
     </span>
     <span class='ocr_line' id='line_1_7' title="bbox 118 739 1345 798; baseline -0.002 -16"><span class='ocrx_word' id='word_1_47' title='bbox 118 756 236 798; x_wconf 88' lang='lat' dir='ltr'>posse</span> <span class='ocrx_word' id='word_1_48' title='bbox 258 741 365 782; x_wconf 90' lang='lat' dir='ltr'>hunc</span> <span class='ocrx_word' id='word_1_49' title='bbox 399 739 767 782; x_wconf 84' lang='lat' dir='ltr'>incommutabilem</span> <span class='ocrx_word' id='word_1_50' title='bbox 803 740 861 780; x_wconf 88' lang='lat' dir='ltr'>rei</span> <span class='ocrx_word' id='word_1_51' title='bbox 892 739 1078 795; x_wconf 90' lang='lat' dir='ltr'>publicae</span> <span class='ocrx_word' id='word_1_52' title='bbox 1113 739 1345 779; x_wconf 85' lang='lat' dir='ltr'>conseruari</span> 
     </span>
     <span class='ocr_line' id='line_1_8' title="bbox 119 812 1346 855; baseline -0.002 -1"><span class='ocrx_word' id='word_1_53' title='bbox 119 823 279 855; x_wconf 83' lang='lat' dir='ltr'>statum.</span> <span class='ocrx_word' id='word_1_54' title='bbox 342 813 451 854; x_wconf 82' lang='lat' dir='ltr'>Nam</span> <span class='ocrx_word' id='word_1_55' title='bbox 473 827 566 853; x_wconf 90' lang='lat' dir='ltr'>cum</span> <span class='ocrx_word' id='word_1_56' title='bbox 589 822 695 854; x_wconf 85' lang='lat' dir='ltr'>esset</span> <span class='ocrx_word' id='word_1_57' title='bbox 717 827 770 854; x_wconf 83' lang='lat' dir='ltr'>ex</span> <span class='ocrx_word' id='word_1_58' title='bbox 796 826 889 853; x_wconf 86' lang='lat' dir='ltr'>aere</span> <span class='ocrx_word' id='word_1_59' title='bbox 913 812 1043 853; x_wconf 89' lang='lat' dir='ltr'>alieno</span> <span class='ocrx_word' id='word_1_60' title='bbox 1065 821 1268 853; x_wconf 86' lang='lat' dir='ltr'>commota</span> <span class='ocrx_word' id='word_1_61' title='bbox 1290 812 1346 852; x_wconf 83' lang='lat' dir='ltr'>ci-</span> 
     </span>
     <span class='ocr_line' id='line_1_9' title="bbox 120 884 1347 939; baseline -0.002 -14"><span class='ocrx_word' id='word_1_62' title='bbox 120 885 235 935; x_wconf 90' lang='lat' dir='ltr'>uitas,</span> <span class='ocrx_word' id='word_1_63' title='bbox 258 884 372 939; x_wconf 86' lang='lat' dir='ltr'>plebs</span> <span class='ocrx_word' id='word_1_64' title='bbox 393 894 572 925; x_wconf 88' lang='lat' dir='ltr'>montem</span> <span class='ocrx_word' id='word_1_65' title='bbox 595 899 752 925; x_wconf 86' lang='lat' dir='ltr'>sacrum</span> <span class='ocrx_word' id='word_1_66' title='bbox 774 885 897 939; x_wconf 88' lang='lat' dir='ltr'>prius,</span> <span class='ocrx_word' id='word_1_67' title='bbox 931 884 1078 924; x_wconf 90' lang='lat' dir='ltr'>deinde</span> <span class='ocrx_word' id='word_1_68' title='bbox 1100 884 1347 924; x_wconf 80' lang='lat' dir='ltr'>Auentinum</span> 
     </span>
     <span class='ocr_line' id='line_1_10' title="bbox 118 955 1347 1011; baseline -0.002 -14"><span class='ocrx_word' id='word_1_69' title='bbox 118 957 350 1011; x_wconf 83' lang='lat' dir='ltr'>occupauit.</span> <span class='ocrx_word' id='word_1_70' title='bbox 412 955 477 997; x_wconf 92' lang='lat' dir='ltr'>Ac</span> <span class='ocrx_word' id='word_1_71' title='bbox 502 970 553 996; x_wconf 89' lang='lat' dir='ltr'>ne</span> <span class='ocrx_word' id='word_1_72' title='bbox 576 956 755 1010; x_wconf 83' lang='lat' dir='ltr'>Lycurgi</span> <span class='ocrx_word' id='word_1_73' title='bbox 790 956 955 1011; x_wconf 89' lang='lat' dir='ltr'>quidem</span> <span class='ocrx_word' id='word_1_74' title='bbox 977 956 1192 1011; x_wconf 59' lang='lat' dir='ltr'>disciplina</span> <span class='ocrx_word' id='word_1_75' title='bbox 1222 955 1347 995; x_wconf 87' lang='lat' dir='ltr'>tenuit</span> 
     </span>
     <span class='ocr_line' id='line_1_11' title="bbox 119 1026 1348 1082; baseline -0.002 -14"><span class='ocrx_word' id='word_1_76' title='bbox 119 1027 208 1069; x_wconf 91' lang='lat' dir='ltr'>illos</span> <span class='ocrx_word' id='word_1_77' title='bbox 229 1028 268 1067; x_wconf 90' lang='lat' dir='ltr'>in</span> <span class='ocrx_word' id='word_1_78' title='bbox 289 1027 516 1068; x_wconf 89' lang='lat' dir='ltr'>hominibus</span> <span class='ocrx_word' id='word_1_79' title='bbox 538 1028 694 1082; x_wconf 81' lang='lat' dir='ltr'>graecis</span> <span class='ocrx_word' id='word_1_80' title='bbox 717 1027 851 1068; x_wconf 89' lang='lat' dir='ltr'>frenos</span> <span class='ocrx_word' id='word_1_81' title='bbox 871 1042 880 1066; x_wconf 81' lang='lat' dir='ltr'>t</span> <span class='ocrx_word' id='word_1_82' title='bbox 902 1042 995 1068; x_wconf 85' lang='lat' dir='ltr'>nam</span> <span class='ocrx_word' id='word_1_83' title='bbox 1018 1028 1138 1068; x_wconf 86' lang='lat' dir='ltr'>etiarn</span> <span class='ocrx_word' id='word_1_84' title='bbox 1163 1026 1348 1082; x_wconf 82' lang='lat' dir='ltr'>Spartae,</span> 
     </span>
     <span class='ocr_line' id='line_1_12' title="bbox 120 1099 1349 1155; baseline -0.001 -16"><span class='ocrx_word' id='word_1_85' title='bbox 120 1108 311 1153; x_wconf 82' lang='lat' dir='ltr'>regnante</span> <span class='ocrx_word' id='word_1_86' title='bbox 346 1099 633 1154; x_wconf 87' lang='lat' dir='ltr'>Theopompo,</span> <span class='ocrx_word' id='word_1_87' title='bbox 676 1109 766 1140; x_wconf 85' lang='lat' dir='ltr'>sunt</span> <span class='ocrx_word' id='word_1_88' title='bbox 806 1100 902 1140; x_wconf 88' lang='lat' dir='ltr'>item</span> <span class='ocrx_word' id='word_1_89' title='bbox 946 1100 1120 1155; x_wconf 91' lang='lat' dir='ltr'>quinque</span> <span class='ocrx_word' id='word_1_90' title='bbox 1160 1113 1259 1154; x_wconf 88' lang='lat' dir='ltr'>quos</span> <span class='ocrx_word' id='word_1_91' title='bbox 1295 1099 1349 1138; x_wconf 85' lang='lat' dir='ltr'>illi</span> 
     </span>
     <span class='ocr_line' id='line_1_13' title="bbox 123 1170 1350 1226; baseline -0.001 -14"><span class='ocrx_word' id='word_1_92' title='bbox 123 1171 295 1225; x_wconf 86' lang='lat' dir='ltr'>ephoros</span> <span class='ocrx_word' id='word_1_93' title='bbox 318 1172 545 1226; x_wconf 85' lang='lat' dir='ltr'>appellant;</span> <span class='ocrx_word' id='word_1_94' title='bbox 567 1172 606 1211; x_wconf 90' lang='lat' dir='ltr'>in</span> <span class='ocrx_word' id='word_1_95' title='bbox 628 1170 754 1212; x_wconf 88' lang='lat' dir='ltr'>Creta</span> <span class='ocrx_word' id='word_1_96' title='bbox 776 1181 910 1212; x_wconf 87' lang='lat' dir='ltr'>autem</span> <span class='ocrx_word' id='word_1_97' title='bbox 928 1171 1074 1212; x_wconf 90' lang='lat' dir='ltr'>decem</span> <span class='ocrx_word' id='word_1_98' title='bbox 1098 1171 1162 1226; x_wconf 90' lang='lat' dir='ltr'>qui</span> <span class='ocrx_word' id='word_1_99' title='bbox 1185 1185 1350 1212; x_wconf 80' lang='lat' dir='ltr'>cosmoe</span> 
     </span>
     <span class='ocr_line' id='line_1_14' title="bbox 122 1243 1350 1298; baseline -0.001 -14"><span class='ocrx_word' id='word_1_100' title='bbox 122 1253 347 1294; x_wconf 57' lang='lat' dir='ltr'>uocantum</span> <span class='ocrx_word' id='word_1_101' title='bbox 383 1253 426 1284; x_wconf 88' lang='lat' dir='ltr'>ut</span> <span class='ocrx_word' id='word_1_102' title='bbox 462 1252 600 1285; x_wconf 83' lang='lat' dir='ltr'>contra</span> <span class='ocrx_word' id='word_1_103' title='bbox 622 1243 831 1284; x_wconf 84' lang='lat' dir='ltr'>consulare</span> <span class='ocrx_word' id='word_1_104' title='bbox 865 1244 1077 1298; x_wconf 85' lang='lat' dir='ltr'>imperium</span> <span class='ocrx_word' id='word_1_105' title='bbox 1113 1243 1257 1283; x_wconf 90' lang='lat' dir='ltr'>tribuni</span> <span class='ocrx_word' id='word_1_106' title='bbox 1279 1243 1350 1298; x_wconf 90' lang='lat' dir='ltr'>pl.,</span> 
     </span>
     <span class='ocr_line' id='line_1_15' title="bbox 124 1315 949 1369; baseline 0.001 -15"><span class='ocrx_word' id='word_1_107' title='bbox 124 1315 181 1355; x_wconf 91' lang='lat' dir='ltr'>sic</span> <span class='ocrx_word' id='word_1_108' title='bbox 204 1315 257 1354; x_wconf 89' lang='lat' dir='ltr'>illi</span> <span class='ocrx_word' id='word_1_109' title='bbox 280 1325 418 1355; x_wconf 83' lang='lat' dir='ltr'>contra</span> <span class='ocrx_word' id='word_1_110' title='bbox 441 1315 522 1355; x_wconf 89' lang='lat' dir='ltr'>uim</span> <span class='ocrx_word' id='word_1_111' title='bbox 544 1316 710 1369; x_wconf 81' lang='lat' dir='ltr'>regiam,</span> <span class='ocrx_word' id='word_1_112' title='bbox 734 1315 949 1356; x_wconf 89' lang='lat' dir='ltr'>constituti.</span> 
     </span>
    </p>

    <p class='ocr_par' dir='ltr' id='par_1_3' title="bbox 123 1385 1355 2306">
     <span class='ocr_line' id='line_1_16' title="bbox 182 1385 1351 1442; baseline 0.001 -16"><span class='ocrx_word' id='word_1_113' title='bbox 182 1385 387 1427; x_wconf 91' lang='lat' dir='ltr'><strong>XXXIV.</strong></span> <span class='ocrx_word' id='word_1_114' title='bbox 422 1385 576 1426; x_wconf 88' lang='lat' dir='ltr'>Fuerat</span> <span class='ocrx_word' id='word_1_115' title='bbox 616 1386 782 1427; x_wconf 83' lang='lat' dir='ltr'>sortasse</span> <span class='ocrx_word' id='word_1_116' title='bbox 826 1387 956 1442; x_wconf 84' lang='lat' dir='ltr'>aliqua</span> <span class='ocrx_word' id='word_1_117' title='bbox 994 1388 1092 1428; x_wconf 87' lang='lat' dir='ltr'>ratio</span> <span class='ocrx_word' id='word_1_118' title='bbox 1134 1387 1351 1428; x_wconf 83' lang='lat' dir='ltr'>maioribus</span> 
     </span>
     <span class='ocr_line' id='line_1_17' title="bbox 124 1457 1351 1513; baseline 0.002 -16"><span class='ocrx_word' id='word_1_119' title='bbox 124 1458 267 1498; x_wconf 87' lang='lat' dir='ltr'>nostris</span> <span class='ocrx_word' id='word_1_120' title='bbox 288 1458 327 1497; x_wconf 91' lang='lat' dir='ltr'>in</span> <span class='ocrx_word' id='word_1_121' title='bbox 350 1457 416 1497; x_wconf 90' lang='lat' dir='ltr'>illo</span> <span class='ocrx_word' id='word_1_122' title='bbox 439 1472 532 1497; x_wconf 87' lang='lat' dir='ltr'>aere</span> <span class='ocrx_word' id='word_1_123' title='bbox 556 1457 685 1498; x_wconf 86' lang='lat' dir='ltr'>alieno</span> <span class='ocrx_word' id='word_1_124' title='bbox 707 1458 913 1508; x_wconf 87' lang='lat' dir='ltr'>medendi,</span> <span class='ocrx_word' id='word_1_125' title='bbox 937 1472 1040 1512; x_wconf 90' lang='lat' dir='ltr'>quae</span> <span class='ocrx_word' id='word_1_126' title='bbox 1077 1473 1209 1513; x_wconf 89' lang='lat' dir='ltr'>neque</span> <span class='ocrx_word' id='word_1_127' title='bbox 1234 1458 1351 1499; x_wconf 88' lang='lat' dir='ltr'>Solo-</span> 
     </span>
     <span class='ocr_line' id='line_1_18' title="bbox 123 1529 1353 1585; baseline 0.001 -16"><span class='ocrx_word' id='word_1_128' title='bbox 123 1543 217 1570; x_wconf 88' lang='lat' dir='ltr'>nem</span> <span class='ocrx_word' id='word_1_129' title='bbox 240 1529 515 1570; x_wconf 82' lang='lat' dir='ltr'>atheniensem</span> <span class='ocrx_word' id='word_1_130' title='bbox 537 1544 617 1569; x_wconf 92' lang='lat' dir='ltr'>non</span> <span class='ocrx_word' id='word_1_131' title='bbox 639 1529 766 1583; x_wconf 81' lang='lat' dir='ltr'>longis</span> <span class='ocrx_word' id='word_1_132' title='bbox 787 1531 1034 1585; x_wconf 83' lang='lat' dir='ltr'>temporibus</span> <span class='ocrx_word' id='word_1_133' title='bbox 1056 1539 1146 1570; x_wconf 83' lang='lat' dir='ltr'>ante</span> <span class='ocrx_word' id='word_1_134' title='bbox 1169 1530 1353 1584; x_wconf 80' lang='lat' dir='ltr'>fugerat3</span> 
     </span>
     <span class='ocr_line' id='line_1_19' title="bbox 124 1600 1352 1655; baseline 0.001 -14"><span class='ocrx_word' id='word_1_135' title='bbox 124 1615 256 1655; x_wconf 83' lang='lat' dir='ltr'>neque</span> <span class='ocrx_word' id='word_1_136' title='bbox 297 1610 388 1655; x_wconf 87' lang='lat' dir='ltr'>post</span> <span class='ocrx_word' id='word_1_137' title='bbox 428 1600 629 1655; x_wconf 83' lang='lat' dir='ltr'>aliquanto</span> <span class='ocrx_word' id='word_1_138' title='bbox 670 1610 848 1642; x_wconf 83' lang='lat' dir='ltr'>nostrum</span> <span class='ocrx_word' id='word_1_139' title='bbox 892 1612 1088 1652; x_wconf 77' lang='lat' dir='ltr'>senatum,</span> <span class='ocrx_word' id='word_1_140' title='bbox 1127 1617 1221 1643; x_wconf 84' lang='lat' dir='ltr'>curn</span> <span class='ocrx_word' id='word_1_141' title='bbox 1263 1611 1352 1643; x_wconf 88' lang='lat' dir='ltr'>sunt</span> 
     </span>
     <span class='ocr_line' id='line_1_20' title="bbox 127 1673 1351 1728; baseline 0.002 -15"><span class='ocrx_word' id='word_1_142' title='bbox 127 1682 290 1728; x_wconf 87' lang='lat' dir='ltr'>propter</span> <span class='ocrx_word' id='word_1_143' title='bbox 324 1673 440 1713; x_wconf 89' lang='lat' dir='ltr'>unius</span> <span class='ocrx_word' id='word_1_144' title='bbox 461 1673 667 1714; x_wconf 89' lang='lat' dir='ltr'>libidinem</span> <span class='ocrx_word' id='word_1_145' title='bbox 704 1675 838 1714; x_wconf 88' lang='lat' dir='ltr'>omnia</span> <span class='ocrx_word' id='word_1_146' title='bbox 859 1689 965 1714; x_wconf 83' lang='lat' dir='ltr'>nexa</span> <span class='ocrx_word' id='word_1_147' title='bbox 999 1675 1148 1715; x_wconf 88' lang='lat' dir='ltr'>ciuium</span> <span class='ocrx_word' id='word_1_148' title='bbox 1171 1675 1351 1725; x_wconf 84' lang='lat' dir='ltr'>liberata,</span> 
     </span>
     <span class='ocr_line' id='line_1_21' title="bbox 125 1731 1351 1801; baseline 0.002 -17"><span class='ocrx_word' id='word_1_149' title='bbox 125 1745 359 1798; x_wconf 86' lang='lat' dir='ltr'>nectierque</span> <span class='ocrx_word' id='word_1_150' title='bbox 394 1753 534 1799; x_wconf 86' lang='lat' dir='ltr'>postea</span> <span class='ocrx_word' id='word_1_151' title='bbox 562 1731 739 1785; x_wconf 81' lang='lat' dir='ltr'>desitum</span> <span class='ocrx_word' id='word_1_152' title='bbox 756 1760 768 1796; x_wconf 82' lang='lat'><em>3</em></span> <span class='ocrx_word' id='word_1_153' title='bbox 805 1759 1045 1800; x_wconf 84' lang='lat' dir='ltr'>semperque</span> <span class='ocrx_word' id='word_1_154' title='bbox 1086 1746 1180 1786; x_wconf 92' lang='lat' dir='ltr'>huic</span> <span class='ocrx_word' id='word_1_155' title='bbox 1214 1748 1351 1801; x_wconf 80' lang='lat' dir='ltr'>generi</span> 
     </span>
     <span class='ocr_line' id='line_1_22' title="bbox 126 1815 1353 1871; baseline 0.002 -16"><span class='ocrx_word' id='word_1_156' title='bbox 126 1830 220 1856; x_wconf 90' lang='lat' dir='ltr'>cum</span> <span class='ocrx_word' id='word_1_157' title='bbox 242 1815 383 1870; x_wconf 88' lang='lat' dir='ltr'>plebes</span> <span class='ocrx_word' id='word_1_158' title='bbox 403 1816 565 1870; x_wconf 85' lang='lat' dir='ltr'>publica</span> <span class='ocrx_word' id='word_1_159' title='bbox 586 1815 813 1857; x_wconf 84' lang='lat' dir='ltr'>calamitate</span> <span class='ocrx_word' id='word_1_160' title='bbox 835 1817 1033 1871; x_wconf 88' lang='lat' dir='ltr'>inpendiis</span> <span class='ocrx_word' id='word_1_161' title='bbox 1056 1818 1259 1858; x_wconf 87' lang='lat' dir='ltr'>debilitata</span> <span class='ocrx_word' id='word_1_162' title='bbox 1281 1819 1353 1858; x_wconf 89' lang='lat' dir='ltr'>de-</span> 
     </span>
     <span class='ocr_line' id='line_1_23' title="bbox 125 1887 1353 1944; baseline 0.003 -17"><span class='ocrx_word' id='word_1_163' title='bbox 125 1887 280 1938; x_wconf 86' lang='lat' dir='ltr'>ficeret,</span> <span class='ocrx_word' id='word_1_164' title='bbox 303 1888 438 1928; x_wconf 86' lang='lat' dir='ltr'>salutis</span> <span class='ocrx_word' id='word_1_165' title='bbox 459 1889 637 1929; x_wconf 89' lang='lat' dir='ltr'>omnium</span> <span class='ocrx_word' id='word_1_166' title='bbox 660 1903 782 1930; x_wconf 84' lang='lat' dir='ltr'>causa</span> <span class='ocrx_word' id='word_1_167' title='bbox 809 1889 936 1944; x_wconf 82' lang='lat' dir='ltr'>aliqua</span> <span class='ocrx_word' id='word_1_168' title='bbox 963 1891 1183 1931; x_wconf 82' lang='lat' dir='ltr'>sublenatio</span> <span class='ocrx_word' id='word_1_169' title='bbox 1207 1900 1246 1931; x_wconf 88' lang='lat' dir='ltr'>et</span> <span class='ocrx_word' id='word_1_170' title='bbox 1267 1906 1353 1931; x_wconf 90' lang='lat' dir='ltr'>me-</span> 
     </span>
     <span class='ocr_line' id='line_1_24' title="bbox 127 1959 1352 2016; baseline 0.003 -17"><span class='ocrx_word' id='word_1_171' title='bbox 127 1959 261 2000; x_wconf 86' lang='lat' dir='ltr'>dicina</span> <span class='ocrx_word' id='word_1_172' title='bbox 291 1960 472 2014; x_wconf 85' lang='lat' dir='ltr'>quaesita</span> <span class='ocrx_word' id='word_1_173' title='bbox 493 1970 541 2001; x_wconf 88' lang='lat' dir='ltr'>st.</span> <span class='ocrx_word' id='word_1_174' title='bbox 604 1959 700 2008; x_wconf 81' lang='lat' dir='ltr'>Quo</span> <span class='ocrx_word' id='word_1_175' title='bbox 736 1970 821 2001; x_wconf 89' lang='lat' dir='ltr'>tum</span> <span class='ocrx_word' id='word_1_176' title='bbox 856 1962 1022 2002; x_wconf 86' lang='lat' dir='ltr'>consilio</span> <span class='ocrx_word' id='word_1_177' title='bbox 1055 1962 1352 2016; x_wconf 79' lang='lat' dir='ltr'>praetermisso,</span> 
     </span>
     <span class='ocr_line' id='line_1_25' title="bbox 128 2032 1353 2089; baseline 0.002 -17"><span class='ocrx_word' id='word_1_178' title='bbox 128 2045 251 2072; x_wconf 83' lang='lat' dir='ltr'>causa</span> <span class='ocrx_word' id='word_1_179' title='bbox 271 2032 419 2086; x_wconf 92' lang='lat' dir='ltr'>populo</span> <span class='ocrx_word' id='word_1_180' title='bbox 440 2042 534 2072; x_wconf 82' lang='lat' dir='ltr'>nata</span> <span class='ocrx_word' id='word_1_181' title='bbox 555 2042 602 2083; x_wconf 85' lang='lat' dir='ltr'>st,</span> <span class='ocrx_word' id='word_1_182' title='bbox 631 2033 786 2073; x_wconf 88' lang='lat' dir='ltr'>duobus</span> <span class='ocrx_word' id='word_1_183' title='bbox 807 2033 972 2074; x_wconf 89' lang='lat' dir='ltr'>tribunis</span> <span class='ocrx_word' id='word_1_184' title='bbox 1003 2034 1130 2088; x_wconf 90' lang='lat' dir='ltr'>plebis</span> <span class='ocrx_word' id='word_1_185' title='bbox 1152 2049 1224 2089; x_wconf 83' lang='lat' dir='ltr'>per</span> <span class='ocrx_word' id='word_1_186' title='bbox 1247 2035 1353 2075; x_wconf 88' lang='lat' dir='ltr'>sedi-</span> 
     </span>
     <span class='ocr_line' id='line_1_26' title="bbox 128 2103 1354 2160; baseline 0.003 -18"><span class='ocrx_word' id='word_1_187' title='bbox 128 2103 278 2143; x_wconf 89' lang='lat' dir='ltr'>tionem</span> <span class='ocrx_word' id='word_1_188' title='bbox 315 2104 472 2154; x_wconf 88' lang='lat' dir='ltr'>creatis,</span> <span class='ocrx_word' id='word_1_189' title='bbox 510 2113 552 2144; x_wconf 93' lang='lat' dir='ltr'>ut</span> <span class='ocrx_word' id='word_1_190' title='bbox 582 2105 759 2159; x_wconf 89' lang='lat' dir='ltr'>potentia</span> <span class='ocrx_word' id='word_1_191' title='bbox 795 2114 955 2146; x_wconf 83' lang='lat' dir='ltr'>senatus</span> <span class='ocrx_word' id='word_1_192' title='bbox 987 2115 1105 2160; x_wconf 86' lang='lat' dir='ltr'>atque</span> <span class='ocrx_word' id='word_1_193' title='bbox 1142 2107 1354 2146; x_wconf 79' lang='lat' dir='ltr'>auctoritas</span> 
     </span>
     <span class='ocr_line' id='line_1_27' title="bbox 128 2175 1352 2232; baseline 0.005 -19"><span class='ocrx_word' id='word_1_194' title='bbox 128 2175 374 2215; x_wconf 88' lang='lat' dir='ltr'>minueretur</span> <span class='ocrx_word' id='word_1_195' title='bbox 394 2190 404 2214; x_wconf 77' lang='lat' dir='ltr'><em>z</em></span> <span class='ocrx_word' id='word_1_196' title='bbox 436 2190 538 2230; x_wconf 83' lang='lat' dir='ltr'>quae</span> <span class='ocrx_word' id='word_1_197' title='bbox 559 2186 694 2217; x_wconf 85' lang='lat' dir='ltr'>tamen</span> <span class='ocrx_word' id='word_1_198' title='bbox 724 2178 856 2232; x_wconf 81' lang='lat' dir='ltr'>grauis</span> <span class='ocrx_word' id='word_1_199' title='bbox 879 2186 918 2219; x_wconf 88' lang='lat' dir='ltr'>et</span> <span class='ocrx_word' id='word_1_200' title='bbox 939 2192 1083 2232; x_wconf 81' lang='lat' dir='ltr'>magna</span> <span class='ocrx_word' id='word_1_201' title='bbox 1105 2179 1352 2228; x_wconf 84' lang='lat' dir='ltr'>remanebat,</span> 
     </span>
     <span class='ocr_line' id='line_1_28' title="bbox 129 2246 1355 2306; baseline 0.005 -21"><span class='ocrx_word' id='word_1_202' title='bbox 129 2246 430 2306; x_wconf 81' lang='lat' dir='ltr'>sapientissimis</span> <span class='ocrx_word' id='word_1_203' title='bbox 452 2257 492 2288; x_wconf 89' lang='lat' dir='ltr'>et</span> <span class='ocrx_word' id='word_1_204' title='bbox 513 2247 732 2289; x_wconf 86' lang='lat' dir='ltr'>fortissimis</span> <span class='ocrx_word' id='word_1_205' title='bbox 764 2259 804 2290; x_wconf 91' lang='lat' dir='ltr'>et</span> <span class='ocrx_word' id='word_1_206' title='bbox 826 2251 945 2291; x_wconf 87' lang='lat' dir='ltr'>armis</span> <span class='ocrx_word' id='word_1_207' title='bbox 967 2260 1007 2290; x_wconf 92' lang='lat' dir='ltr'>et</span> <span class='ocrx_word' id='word_1_208' title='bbox 1028 2250 1191 2291; x_wconf 89' lang='lat' dir='ltr'>consilio</span> <span class='ocrx_word' id='word_1_209' title='bbox 1213 2251 1355 2292; x_wconf 87' lang='lat' dir='ltr'>ciuita-</span> 
     </span>
    </p>
   </div>
   <div class='ocr_carea' id='block_1_3' title="bbox 129 2319 1356 2429">
    <p class='ocr_par' dir='ltr' id='par_1_4' title="bbox 129 2319 1356 2429">
     <span class='ocr_line' id='line_1_29' title="bbox 129 2319 1356 2375; baseline 0.005 -16"><span class='ocrx_word' id='word_1_210' title='bbox 129 2328 210 2360; x_wconf 91' lang='lat' dir='ltr'>tem</span> <span class='ocrx_word' id='word_1_211' title='bbox 241 2319 469 2371; x_wconf 88' lang='lat' dir='ltr'>tuentibus;</span> <span class='ocrx_word' id='word_1_212' title='bbox 507 2334 676 2375; x_wconf 88' lang='lat' dir='ltr'>quorum</span> <span class='ocrx_word' id='word_1_213' title='bbox 709 2323 923 2365; x_wconf 82' lang='lat' dir='ltr'>auctoritas</span> <span class='ocrx_word' id='word_1_214' title='bbox 957 2323 1133 2364; x_wconf 83' lang='lat' dir='ltr'>maxime</span> <span class='ocrx_word' id='word_1_215' title='bbox 1171 2323 1356 2373; x_wconf 75' lang='lat' dir='ltr'>florebat,</span> 
     </span>
     <span class='ocr_line' id='line_1_30' title="bbox 542 2395 567 2429; baseline 0 0"><span class='ocrx_word' id='word_1_216' title='bbox 542 2395 567 2429; x_wconf 79' lang='lat'>7</span> 
     </span>
    </p>
   </div>
  </div>
 </body>
</html>
