1611 2708
193 270 251 318 16
596 284 658 319 ΒΕ
696 289 757 319 m:
795 281 1002 320 PvssLleA

186 395 375 448 placitum
400 404 459 436 est
480 405 521 437 ut
542 398 580 436 in
616 397 751 451 aprico
785 399 962 438 maxime
996 399 1137 453 pratuli
1168 399 1273 450 loco,
1298 393 1404 454 quod

186 476 271 506 erat
296 468 505 507 hibernum
539 476 698 522 tempus
732 469 834 519 anni,
858 471 1138 510 considerent:
1172 472 1276 525 quod
1312 486 1403 511 cum

186 539 320 579 facere
343 539 505 589 uellent,
527 539 739 580 interuenit
760 541 819 580 uir
840 541 1016 594 prudens
1045 543 1307 597 omnibusque
1331 543 1405 583 illis

186 619 226 649 ct
246 610 444 649 iucundus
466 619 506 650 et
527 625 648 665 carus
658 610 718 650 M.
738 610 939 661 Manilius,
957 613 1021 666 qui
1044 627 1064 652 a
1083 613 1271 667 Scipione
1295 624 1403 653 cete-

187 682 317 735 risque
370 683 609 722 amicissime
662 683 944 731 consalutatus,
992 684 1148 724 adsedit
1198 685 1403 738 proximus

185 753 341 794 Laelio.

242 825 359 866 XIII.
413 827 522 866 Tum
546 826 700 877 Philus,
722 842 800 868 non
823 828 917 868 mihi
942 829 1112 879 uidetur,
1136 829 1274 883 inquit,
1299 828 1402 882 quod

182 898 221 938 hi
248 908 458 949 uenerunt,
483 900 581 939 alius
614 900 727 940 nobis
762 915 894 940 sermo
928 915 1017 941 esse
1052 902 1322 955 quaerendus,
1345 910 1405 940 set

182 971 383 1024 agendum
407 972 649 1021 accuratius,
670 981 710 1011 et
736 972 952 1012 dicendum
976 973 1140 1026 dignum
1163 972 1310 1026 aliquid
1333 972 1405 1011 ho-

181 1057 269 1082 rum
293 1043 468 1082 auribus.
533 1042 612 1082 Hic
632 1042 810 1093 Laelius,
829 1043 921 1097 quid
945 1044 1108 1084 tandem
1132 1044 1323 1097 agebatis,
1339 1051 1407 1083 aut

182 1113 244 1154 cui
268 1114 441 1154 sermoni
463 1128 536 1154 nos
561 1114 878 1154 interuenimus?
941 1113 1043 1155 PH.
1078 1114 1321 1162 Quaesierat
1353 1128 1405 1155 ex

182 1199 246 1225 me
272 1185 408 1239 Scipio
432 1185 620 1239 quidnam
644 1186 832 1225 sentirem
856 1186 905 1225 de
941 1186 1017 1225 hoc
1053 1187 1160 1240 quod
1194 1187 1274 1226 duo
1301 1186 1405 1226 soles

182 1256 287 1296 uisos
310 1270 398 1296 esse
422 1263 636 1296 constaret.
699 1254 753 1295 L.
788 1256 866 1296 Ain
890 1269 1000 1306 uero,
1017 1255 1148 1306 Phile,
1164 1256 1243 1296 iam
1265 1256 1406 1311 explo-

182 1337 265 1368 rata
286 1328 400 1368 nobis
423 1337 512 1368 sunt
534 1342 582 1368 ea
605 1341 706 1382 quae
731 1328 781 1368 ad
805 1328 946 1368 domos
967 1337 1121 1369 nostras
1144 1342 1327 1383 quaeque
1355 1328 1405 1368 a'd

181 1413 266 1440 rem
289 1399 489 1453 publicam
507 1399 744 1452 pertineant,
763 1399 958 1452 siquidem
979 1399 1072 1452 quid
1097 1408 1234 1452 agatur
1255 1399 1294 1438 ἰῇ
1312 1412 1406 1439 cae-

180 1470 219 1510 lo
242 1469 502 1524 quaerimus?
565 1468 621 1508 Et
642 1468 721 1518 ille,
745 1483 793 1508 an
816 1478 855 1508 tu
892 1469 942 1508 ad
977 1469 1118 1508 domos
1151 1478 1305 1509 nostras
1326 1479 1408 1508 non·

181 1555 324 1582 censes
357 1541 558 1595 pertinere
594 1540 696 1580 scire
733 1539 826 1593 quid
850 1549 988 1592 agatur
1011 1548 1050 1578 et
1072 1539 1166 1593 quid
1190 1540 1257 1578 fiat
1280 1538 1410 1588 domis

182 1626 286 1667 quae
320 1627 398 1652 non
433 1625 482 1651 ea
516 1620 589 1660 est,
617 1624 736 1664 quam
771 1609 1098 1664 parietes-nostri
1133 1610 1314 1663 cingunt,
1332 1608 1404 1648 sed

181 1684 353 1726 mundus
375 1683 440 1723 hic
462 1691 580 1732 totus,
604 1681 711 1736 quod
735 1681 979 1720 domicilium
1003 1694 1203 1734 quamque
1235 1680 1406 1734 patriam

181 1756 219 1796 di
244 1755 356 1796 nobis
379 1767 637 1794 communem
670 1766 809 1793 secum
844 1750 1073 1791 dederunt?
1106 1765 1199 1792 cum
1221 1765 1404 1805 praeser-

181 1827 266 1877 tim,
290 1827 319 1866 si
342 1827 444 1866 haec
472 1826 714 1879 ignoremus,
738 1823 860 1863 multa
893 1822 1007 1863 nobis
1042 1831 1082 1862 et
1114 1836 1259 1876 magna
1292 1822 1404 1875 igno-

183 1898 306 1939 fanda
323 1897 413 1939 sint.
466 1897 528 1936 Ae
546 1909 611 1936 me
630 1895 807 1949 quidem,
823 1902 865 1934 ut
881 1893 1045 1933 hercule
1068 1893 1187 1933 etiam
1203 1902 1240 1932 te
1259 1893 1402 1946 ipsum,

184 1968 316 2018 Laeli,
357 1968 566 2021 omnisque
609 1967 750 2006 auidos
791 1966 1022 2020 sapientiae,
1057 1968 1082 1987 ‘⁴
1101 1964 1273 2017 cognitio
1319 1964 1406 2017 ipsa,

183 2054 317 2081 rerum
340 2038 688 2091 consideratioque
712 2036 930 2076 delectat.’'
990 2035 1100 2086 Tum
1124 2034 1301 2085 Laelius,
1325 2048 1402 2074 non

183 2111 359 2166 impedio,
382 2109 616 2164 praesertim
640 2123 662 2162 q
697 2108 825 2147 oniam
861 2106 986 2146 feriati
1022 2120 1184 2156 sumus;
1218 2105 1288 2145 sed
1312 2119 1404 2158 pos-

184 2197 321 2223 sumus
344 2181 481 2222 audire
504 2180 666 2234 aliquid,
690 2193 739 2219 an
762 2178 887 2218 scrius
909 2176 1123 2217 uenimus?
1156 2175 1259 2216 PH.
1293 2175 1404 2216 Nihil

186 2263 245 2294 est
267 2254 398 2294 adhue
421 2252 663 2306 disputatum
682 2264 691 2289 ε
723 2259 763 2289 et
785 2250 971 2303 quoniam
1001 2257 1061 2288 est
1094 2248 1289 2301 integrum
1314 2249 1338 2267 ‘⁶
1358 2246 1404 2285 li-

183 2326 324 2366 hemer
345 2324 428 2366 tibi.
452 2323 583 2372 Laeli,
606 2331 647 2364 ut
670 2321 720 2363 de
744 2335 793 2362 eo
816 2321 989 2362 disseras
1015 2320 1203 2374 equidem
1235 2330 1402 2365 conces-
