1581 2833
525 624 584 667 M.
618 622 799 666 TVLLI
837 619 1164 664 CICERONIS

387 835 522 893 {DE
592 833 725 891 RE
794 828 1301 888 PVBLICA

734 1158 898 1197 LIBER
933 1152 963 1196 1‘.

489 1275 721 1304 Desidet-amur
737 1274 890 1302 hactenus
914 1271 1052 1311 paginae
1068 1269 1213 1300 XXXIV.

296 1367 313 1408 l
331 1400 339 1408 .
359 1400 367 1408 .
388 1400 396 1409 .
416 1400 424 1409 .
441 1366 597 1423 Impetu
619 1367 898 1408 liberauisseut
915 1383 927 1419 3
959 1381 1035 1407 nec
1055 1365 1108 1406 G.
1127 1364 1313 1414 Duclius‚
1338 1363 1467 1404 Aulus

238 1439 396 1489 Atilius,
432 1439 483 1480 L.
523 1439 715 1480 Metellus
751 1448 904 1479 terrore
943 1437 1228 1490 Karthaginis3
1271 1450 1350 1475 non
1387 1435 1467 1474 duo

236 1510 452 1564 Scipiones
486 1511 618 1551 oriens
653 1511 884 1550 incendium
914 1509 1007 1550 belli
1030 1509 1164 1564 punici
1188 1507 1355 1548 secundi
1379 1520 1468 1546 san-

236 1582 356 1635 guine
380 1596 452 1622 suo
478 1582 783 1632 restinxissem3
815 1595 891 1622 nec
927 1581 966 1621 id
997 1580 1218 1621 excitatum
1253 1579 1469 1619 maioribus

235 1654 360 1708 copiis
383 1663 449 1694 aut
464 1653 641 1701 Quintus
664 1653 871 1694 Maximus
887 1652 1179 1701 eneruauissct,
1197 1661 1264 1691 aut
1280 1651 1339 1691 Μ.
1358 1650 1470 1690 Mar-

238 1726 364 1766 cellus
387 1726 647 1775 contudisset,
684 1735 749 1765 aut
778 1740 801 1765 a
834 1725 957 1779 portis
990 1724 1108 1764 huius
1144 1723 1253 1763 urbis
1288 1723 1470 1763 auulsum

238 1796 288 1836 P.
313 1795 527 1836 Africanus
550 1797 809 1850 compulisset
838 1797 940 1836 intra
970 1795 1145 1835 hostium
1177 1795 1353 1835 moenia.
1392 1793 1469 1833 -Μ,

238 1881 338 1907 uero
361 1865 508 1907 Catoni
530 1868 679 1908 homini
715 1868 850 1921 ignoto
885 1877 924 1908 et
957 1882 1064 1907 nouo
1102 1881 1180 1921 quo
1215 1881 1369 1917 omnes,
1405 1867 1470 1921 qui

237 1939 368 1978 isdem
391 1939 511 1978 rebus
534 1939 755 1989 studemus,
781 1940 892 1993 quasi
917 1940 1141 1994 exemplari
1160 1939 1211 1979 ad
1234 1939 1470 1979 industriam

239 2010 509 2064 uirtutemque
534 2010 733 2061 ducimur,
758 2020 867 2051 certe
902 2011 1012 2051 licuit
1046 2010 1216 2051 Tusculi
1251 2025 1292 2051 se
1330 2011 1369 2050 in
1392 2011 1473 2051 otio

239 2081 458 2131 delectare,
482 2081 628 2122 salubri
652 2092 691 2122 et
713 2083 937 2137 propinquo
960 2083 1065 2123 loco.
1133 2083 1217 2123 Sed
1246 2083 1367 2123 homo
1401 2084 1473 2124 dc—

241 2165 370 2201 mens,
393 2161 436 2192 ut
458 2153 519 2192 isti
542 2162 694 2206 putant,
718 2169 811 2194 cum
835 2164 1001 2209 cogeret
1023 2169 1116 2194 eum
1144 2155 1364 2195 necessitas
1386 2156 1473 2195 nul-

240 2222 291 2272 la,
316 2223 353 2262 in
376 2223 436 2263 his
458 2225 575 2265 undis
598 2234 637 2265 et
659 2226 965 2280 tempestatibus
989 2227 1039 2266 ad
1065 2241 1263 2267 summam
1288 2237 1474 2268 senectu—

241 2303 322 2334 tem
360 2295 498 2337 maluit
530 2296 683 2348 iactari,
708 2312 829 2353 quam
863 2298 901 2339 in
936 2299 1002 2340 illa
1036 2300 1318 2354 tranquillitate
1354 2310 1474 2354 atque

600 2368 650 2407 1-24
