1611 2708
679 194 820 226 LIBER
859 192 891 226 1.
1333 183 1390 231 19

173 304 364 360 postridie
386 303 518 359 palam
551 304 590 343 in
612 305 752 345 castris
774 305 922 346 docere
956 304 1107 346 nullum
1131 318 1220 346 esse
1254 306 1390 361 prodi-

173 377 280 431 gium
297 392 309 427 3
337 375 456 429 idque
479 384 519 414 et
539 384 622 414 tum
644 373 794 414 sactum
817 390 920 426 esse,
944 386 983 416 et
1004 377 1123 417 certis
1144 377 1391 431 temporibus

173 460 333 500 semper
354 445 543 495 futurum,
565 459 657 485 cum
681 445 738 485 sol
760 446 813 485 ita
835 446 987 487 locatus
1010 447 1160 498 fuisset,
1192 457 1235 488 ut
1255 448 1391 488 lunam

171 531 244 558 suo
266 517 413 556 lumine
434 531 513 556 non
534 525 671 570 posset
693 517 901 570 attingere.
953 518 1033 557 Ain
1054 519 1232 569 tandem,
1254 518 1392 573 inquid

168 587 353 638 Tubero,
377 588 525 628 docere
547 588 624 628 hoc
646 596 802 642 poterat
822 588 887 628 ille
901 588 1084 628 homines
1104 603 1234 642 paene
1257 603 1393 644 agres-

172 668 246 710 tes,
270 668 309 699 et
331 668 426 713 aput
450 659 654 713 imperitos
677 659 851 699 audebat
872 659 973 700 haec
997 659 1166 700 dicere?
1221 659 1268 701 S.
1320 660 1393 702 Ille

172 743 281 780 vero,
305 738 345 770 et
366 743 511 783 magna
533 729 695 784 quidem
717 744 810 770 cum
835 761 988 771 .....

464 846 697 877 Desiderantur
718 846 857 886 paginae
879 847 992 877 saltem
1009 846 1099 878 duae.

175 979 184 989 .
203 979 212 989 .
230 978 240 988 .
259 978 268 988 .
291 962 417 1004 neque
438 947 616 989 insolens
632 949 857 999 ostentati0,
878 962 1010 1003 neque
1029 949 1155 990 oratio
1177 950 1395 992 abhorrens

172 1035 194 1061 a
215 1034 387 1075 persona
407 1020 579 1060 hominis
600 1020 850 1073 grauissimi3
876 1034 962 1060 rem
984 1020 1090 1060 enim
1113 1035 1301 1075 magnam
1324 1021 1397 1061 ad-

172 1101 347 1141 secutus,
383 1092 489 1145 quod
523 1091 750 1131 hominibus
780 1091 1020 1146 perturbatis
1053 1091 1213 1132 inanem
1235 1092 1396 1146 religio·

171 1177 265 1203 nem
286 1163 552 1216 timoremque
577 1162 796 1202 deiecerat.

230 1232 347 1274 XVI.
410 1234 557 1287 Adque
593 1233 789 1274 eiusmodi
813 1233 1004 1287 quiddam
1039 1235 1159 1274 etiam
1191 1234 1298 1275 bello
1329 1234 1397 1274 illo

170 1305 362 1354 maximo,
396 1305 502 1358 quod
524 1305 795 1344 Athenienses
827 1314 866 1344 et
897 1304 1216 1345 Lacaedemonii
1240 1319 1397 1345 summa

170 1377 271 1416 inter
293 1389 336 1416 se
369 1375 622 1415 contentione
644 1384 868 1429 gesserunt,
892 1374 1075 1416 Pericles
1096 1376 1162 1416 ille
1197 1386 1237 1416 et
1259 1386 1397 1416 aucto-

169 1447 284 1488 ritate
308 1456 347 1486 et
374 1447 601 1501 eloquentia
623 1455 663 1486 et
684 1446 850 1486 consilio
880 1447 1069 1501 princeps
1091 1447 1262 1488 ciuitatis
1284 1461 1395 1498 suae,

170 1533 263 1559 cum
297 1518 510 1558 obscurato
544 1518 627 1558 sole
661 1518 852 1558 tenebrae
886 1517 1015 1558 factae
1049 1528 1183 1559 essent
1213 1528 1396 1573 repente,

170 1590 558 1644 Atheniensiumque
585 1589 738 1630 animos
760 1604 940 1630 summus
961 1591 1077 1630 timor
1099 1590 1396 1645 occupauisset‚

172 1662 357 1702 docuisse
380 1662 480 1701 ciuis
501 1676 593 1701 suos
611 1661 754 1702 dicitur
776 1661 815 1701 id
839 1662 945 1716 quod
964 1662 1049 1716 ipse
1073 1662 1121 1702 ab
1136 1663 1396 1716 Anaxagora,

170 1733 285 1773 cuius
319 1732 475 1772 auditor
508 1731 651 1783 fuerat,
687 1742 916 1787 acceperat,
952 1742 1063 1773 certo
1095 1733 1180 1772 illut
1212 1742 1396 1787 tempore

169 1803 256 1843 fieri
279 1813 319 1844 et
339 1804 582 1854 necessario,
617 1818 709 1843 cum
731 1813 812 1844 tota
836 1818 878 1844 se
912 1804 1003 1844 luna
1037 1804 1109 1844 sub
1131 1804 1271 1844 orbem
1305 1804 1397 1845 solis

169 1875 432 1915 subiecisset:
464 1875 598 1929 itaque
622 1876 695 1915 etsi
728 1889 807 1915 non
841 1875 948 1915 omni
982 1876 1304 1925 intermenstruo,
1338 1885 1397 1916 ta—

170 1960 264 1986 men
286 1946 325 1986 id
348 1946 433 1986 fieri
455 1960 534 1986 non
565 1960 699 2001 posse,
723 1947 796 1986 nisi
819 1956 930 1986 certo
961 1947 1272 1987 intermenstruo
1294 1956 1396 1986 tem-

169 2031 283 2072 pore.
337 2016 461 2065 Quod
484 2032 578 2058 cum
601 2018 840 2072 disputando
855 2018 1153 2072 rationibusque
1178 2018 1395 2069 docuisset,

169 2088 362 2142 populum
396 2089 580 2128 liberauit
613 2099 750 2129 metu:
784 2098 869 2129 erat
891 2089 998 2129 enim
1024 2099 1119 2129 tunc
1153 2090 1256 2129 haec
1290 2104 1397 2130 noua

169 2168 210 2199 et
243 2160 376 2213 ignota
409 2160 522 2213 ratio,
557 2160 682 2200 solem
717 2161 835 2200 lunae
869 2161 1097 2215 oppositum
1132 2161 1261 2201 solere
1295 2161 1396 2201 defi·

169 2244 293 2282 cere3
328 2231 434 2285 quod
469 2230 686 2272 Thaletem
717 2232 916 2273 milesium
948 2233 1121 2287 primum
1154 2233 1302 2273 uidisse
1336 2233 1396 2273 di-
