1611 2708
336 533 338 537 ¹
357 567 419 609 M.
452 566 633 610 TVLLI
666 566 993 612 CICERONIS

230 782 365 841 DE
427 782 561 839 RE
629 781 1125 841 PVBLICA

547 1107 713 1145 LIBER
740 1108 813 1144 ΙΙΙ.

128 1235 152 1258 ÷÷
177 1235 202 1259 δὲ
224 1234 256 1276 Ι.
284 1266 292 1274 .
319 1266 327 1274 .
355 1265 364 1274 .
380 1232 426 1274 In
448 1233 549 1273 libro
571 1233 687 1273 tertio
710 1232 760 1272 de
784 1246 826 1272 re
849 1232 1011 1287 publica
1038 1232 1197 1273 Tullius
1218 1233 1290 1273 ho-

68 1308 217 1348 minem
240 1308 335 1348 dicit
356 1321 435 1347 non
457 1316 498 1346 ut
521 1321 544 1346 a
565 1314 706 1355 matre,
730 1305 802 1345 sed
824 1314 867 1345 ut
889 1319 911 1345 a
932 1319 1109 1346 nouerca
1136 1314 1290 1355 natura,

67 1379 219 1419 editum
241 1379 280 1419 in
302 1379 438 1428 uitam,
457 1391 626 1431 corpore
648 1377 756 1416 nudo
780 1376 906 1430 fragili
929 1386 969 1416 et
990 1377 1145 1417 infirmo
1164 1392 1175 1428 3
1208 1377 1292 1417 ani-

65 1464 132 1490 mo
155 1459 289 1490 autem
312 1450 432 1490 anxio
450 1449 501 1489 ad
524 1447 740 1497 molestias,
756 1447 894 1487 humili
918 1448 968 1488 ad
990 1436 1167 1498 timores'3
1183 1448 1291 1487 molli

67 1522 118 1563 ad
140 1521 311 1571 labores,
334 1535 460 1575 prono
484 1520 534 1560 ad
557 1519 740 1559 libidines
761 1533 770 1558 ε
801 1519 840 1558 in
864 1532 942 1573 quo
975 1527 1111 1559 tamen
1145 1519 1293 1559 inesset

66 1602 272 1647 tamquam
313 1594 478 1632 obrutus
521 1592 684 1646 quidam
727 1591 885 1631 diuinus
923 1591 1022 1644 ignis
1064 1591 1210 1645 ingenii
1254 1600 1294 1632 et

67 1665 226 1705 mentis.
304 1662 562 1718 Augustinus
605 1668 744 1702 contra
786 1660 993 1702 Iulianum
1025 1661 1169 1717 pelag.
1204 1661 1295 1704 IV.

58 1735 111 1790 ff.
137 1738 206 1775 60.
233 1735 259 1758 ÷÷
282 1734 307 1757 ÷÷

116 1806 154 1844 ff
179 1807 203 1830 ἦ
227 1806 365 1847 Homo
387 1821 480 1847 cum
504 1805 651 1860 fragilis
688 1806 978 1861 imbecillisque
1012 1815 1212 1856 nascatur,
1234 1815 1294 1847 ta-

68 1892 161 1919 men
184 1888 224 1918 et
246 1893 268 1918 a
290 1879 408 1918 mutis
429 1878 612 1918 omnibus
634 1887 739 1918 tutus
762 1887 848 1929 est3
881 1887 920 1918 et
954 1893 1002 1918 ea
1030 1879 1164 1918 onmia
1190 1892 1293 1932 quae

68 1950 244 1989 firmiora
274 1959 504 2000 nascuntur,
529 1950 683 1990 etiamsi
717 1950 798 1989 uim
830 1950 932 1990 caeli
965 1949 1116 1990 fortiter
1137 1950 1294 2004 patiun-

68 2031 145 2071 tur,
170 2022 218 2062 ab
240 2021 400 2061 homine
423 2031 558 2062 tamen
591 2030 673 2061 tuta
700 2035 788 2061 esse
818 2036 896 2062 non
929 2031 1108 2076 possunt.
1172 2021 1231 2062 Ita
1253 2021 1295 2061 fit

70 2101 113 2132 ut
148 2093 237 2146 plus
273 2093 422 2133 homini
460 2092 641 2133 conferat
673 2092 787 2143 ratio,
811 2107 930 2147 quam
968 2103 1109 2133 natura
1146 2093 1264 2133 mutis
1282 2108 1294 2144 3

71 2164 260 2218 quoniam
283 2164 321 2203 in
344 2164 417 2204 illis
439 2178 515 2204 nee
536 2162 768 2218 magnitudo
790 2164 949 2214 uirium,
972 2178 1104 2219 neque
1132 2163 1294 2203 firmitas

71 2236 250 2290 corporis
273 2236 435 2277 efficere
457 2245 602 2291 potest,
626 2250 704 2294 quo
726 2236 856 2277 minus
879 2245 946 2277 aut
971 2236 1243 2291 opprimantur
1272 2249 1295 2274 a
