1611 2708
576 300 725 333 LIBER
762 301 834 333 111.
1207 284 1297 333 107

78 421 140 453 est
159 411 262 453 haec
284 412 323 452 in
344 423 424 454 uno
439 423 491 452 ne
508 411 557 452 sit
577 425 627 451 an
644 411 683 451 in
703 409 914 465 pluribus?
947 407 1033 450 Sed
1051 422 1185 450 errore
1200 422 1298 464 quo-

77 484 172 526 dam
209 483 380 525 fallimur
412 484 466 524 ita
499 482 769 537 disputando:
801 496 894 522 cum
932 482 1038 522 enim
1075 490 1301 536 optumates

78 555 340 611 appellantur,
373 554 469 594 nihil
500 562 633 608 potest
669 553 797 593 uideri
832 552 1123 607 praestabilius.
1187 551 1302 601 Quid

78 627 184 668 enim
202 635 365 680 optumo
380 625 522 665 melius
544 624 708 678 eogitari
730 623 892 679 potest?
954 622 1067 671 Qum
1090 633 1224 664 autem
1238 637 1302 665 re-

76 699 135 754 gis
150 707 210 739 est
223 697 329 739 facta
349 698 513 748 mentio,
528 698 703 738 occurrit
724 697 865 738 animis
878 710 953 737 rex
971 696 1091 736 etiam
1113 696 1301 736 iniustus:

76 784 150 810 nos
172 779 306 809 autem
329 769 380 810 de
415 769 558 810 iniusto
591 782 687 823 rege
720 768 816 808 nihil
852 767 1052 822 loquimur
1078 780 1184 807 nunc
1207 780 1308 821 qum.

76 842 129 882 de
150 842 237 895 ipsa
257 842 381 896 regali
402 855 445 882 re
468 841 629 896 publica
651 841 895 896 quaerimus.
959 838 1102 888 Quare
1130 838 1304 892 cogitato

77 913 299 955 Romulum
322 922 390 953 aut
411 912 657 967 Pompilium
691 922 758 953 aut
793 912 961 953 Tullum
995 924 1150 965 regem,
1173 908 1305 950 fortan

75 998 155 1025 non
175 993 257 1024 tam
279 984 380 1024 illius
401 993 440 1024 te
467 984 525 1024 rei
555 983 742 1038 publicae
767 982 1000 1038 paenitebit.
1062 980 1131 1022 M.
1165 979 1304 1029 Quam

76 1055 192 1109 igitur
213 1055 403 1109 relinquis
424 1055 605 1110 populari
622 1055 680 1096 rei
701 1055 887 1109 publicae
910 1052 1105 1095 laudem?
1130 1051 1176 1093 S.
1192 1052 1304 1093 Turn

74 1126 156 1177 ille‚'
181 1127 274 1181 quid
308 1127 377 1166 tibi
410 1127 588 1177 tandem,
613 1127 747 1181 Spuri,
771 1126 1040 1176 Rhodiorum,
1064 1124 1171 1179 apud
1204 1137 1305 1178 quos

74 1212 204 1253 nuper
226 1196 486 1248 fuimus-una,
509 1198 617 1238 nulla
637 1212 688 1238 ne
710 1198 869 1238 uidetur
891 1211 980 1238 esse
1015 1210 1080 1236 res
1109 1193 1304 1250 publica?

75 1268 144 1311 M.
170 1269 271 1310 Mihi
293 1284 392 1310 uero
414 1270 574 1310 uidetur
593 1285 604 1321 3
637 1278 677 1310 et
699 1270 863 1310 minime
887 1268 1050 1323 quidem
1074 1266 1305 1321 uituperan-

78 1342 144 1383 da.
210 1340 257 1382 S.
291 1341 425 1383 Recte
448 1342 578 1382 dicis:
610 1342 682 1383 sed
704 1342 737 1383 si
769 1341 998 1390 meministi,
1021 1353 1163 1380 omnes
1193 1346 1306 1379 erant

76 1414 187 1454 idem
208 1423 292 1454 tum
327 1414 378 1454 de
412 1413 532 1468 plebe
568 1423 653 1454 tum
689 1422 908 1462 senatores,
932 1410 1306 1463 uicissitudinesque

6 1520 9 1521 γ
76 1485 279 1526 habebant
313 1486 456 1539 quibus
492 1485 697 1525 mensibus
737 1484 920 1540 populari
961 1496 1129 1524 munere
1164 1481 1306 1535 funge-

75 1566 224 1608 rentur,
248 1557 391 1611 quibus
425 1557 651 1597 senatorio:
683 1556 894 1610 utrobique
929 1563 1063 1596 autem
1097 1552 1306 1594 conuenti-

78 1629 184 1670 cium
208 1628 487 1683 accipiebant3
514 1637 554 1668 et
574 1628 613 1668 in
634 1628 790 1669 theatro
813 1636 852 1668 et
873 1627 912 1668 in
934 1626 1045 1667 curia
1066 1638 1132 1666 res
1153 1624 1305 1679 capita—

77 1700 124 1740 lis
146 1709 187 1741 et
207 1700 381 1754 reliquas
402 1699 531 1740 omnis
552 1699 785 1740 iudicabant
808 1699 945 1740 idem:
976 1707 1127 1739 tantum
1149 1704 1306 1753 poterat

78 1772 255 1826 tantique
278 1780 364 1812 erat
386 1770 521 1826 quanti
543 1769 754 1812 multitudo
778 1800 932 1811 .....
