1611 2708
226 236 251 249 Ὼ·
269 237 275 249 V

232 246 285 282 14
631 257 693 286 DE
732 257 793 287 RF.
831 257 1038 291 PVBLICA

223 361 330 414 quod
353 376 445 403 cuin
470 363 619 404 honore
642 365 758 420 longe
782 369 1067 410 antecellerent
1085 373 1242 423 ceteris,
1261 374 1441 429 uolupta-

221 435 324 475 tibus
348 445 458 475 erant
480 435 699 488 inferiores,
730 454 805 480 nec
826 442 1008 495 pecuniis
1041 443 1166 484 ferme
1189 446 1442 499 superiores:

223 519 353 559 eoque
378 516 462 549 erat
484 508 678 563 cuiusque
701 513 846 565 gratior
868 514 906 553 in
928 528 970 553 rc
992 515 1151 568 publica
1174 517 1311 567 uirtus,
1336 518 1443 572 quod

223 580 260 619 in
283 580 403 620 rebus
425 581 588 634 priuatis
626 582 923 636 diligentissime
946 586 1120 639 singulos
1156 587 1268 627 ciues
1304 601 1443 642 opera,

219 653 398 704 consilio,
421 669 463 695 re
486 656 710 697 tuebantur.

279 724 461 768 XXXV.
497 727 593 776 Quo
615 729 653 768 in
676 738 776 770 statu
801 731 856 771 rei
874 731 1059 784 publicae
1085 730 1156 784 Sp.
1181 730 1368 772 Cassium
1392 732 1442 771 de

217 799 457 860 occupando
494 813 618 853 regno
655 801 900 851 molientem,
934 816 1090 842 summa
1122 812 1216 856 aput
1252 802 1443 857 populum

217 870 343 924 gratia
365 870 588 921 florentem,
623 881 808 925 quaestor
831 873 1062 913 accusauit:
1095 887 1285 928 eumque,
1308 884 1350 914 ut
1374 888 1443 914 au-

219 943 345 992 distis,
369 957 461 983 cum
484 953 597 997 pater
618 944 656 983 in
680 958 726 984 ea
751 945 868 998 eulpa
891 959 978 984 esse
1002 945 1230 999 conperisse
1254 959 1296 985 se
1320 945 1443 985 dixis-

219 1025 291 1066 set,
335 1017 508 1056 cedente
550 1016 698 1071 populo
744 1026 871 1056 morte
913 1016 1117 1056 maetauit.
1194 1015 1442 1070 Gratamque

218 1089 338 1129 etiam
360 1088 467 1127 illam
489 1102 574 1128 rem
609 1098 746 1142 quarto
769 1088 927 1127 circiter
949 1098 989 1127 et
1021 1088 1351 1141 quinquagesimo
1375 1101 1443 1127 an-

216 1175 268 1201 no
299 1170 389 1214 post
418 1160 568 1214 primos
602 1160 787 1199 consules
820 1159 869 1199 de
902 1159 1050 1198 multae
1084 1168 1335 1198 sacramento
1369 1157 1441 1212 Sp.

216 1232 421 1286 Tarpeius
444 1240 483 1271 et
505 1232 558 1271 A.
582 1231 772 1270 Aternius
804 1230 989 1270 consules
1011 1230 1180 1270 comitiis
1217 1230 1446 1270 centuriatis

216 1304 403 1345 tulerunt.
457 1304 584 1343 Annis
600 1311 689 1357 post
711 1316 759 1342 ea
773 1301 873 1342 XX.
898 1316 949 1341 ex
973 1315 1021 1341 eo
1040 1301 1145 1355 quod
1169 1300 1220 1341 L.
1245 1300 1444 1355 Papirius,

218 1375 268 1416 P.
294 1375 479 1416 Pinarius
501 1389 691 1416 censores
713 1374 845 1414 multis
868 1374 1050 1414 dicendis
1072 1374 1154 1414 uim
1173 1383 1443 1414 armentorum

218 1463 241 1488 a
272 1448 436 1502 priuatis
473 1448 510 1486 in
548 1446 750 1500 publicum
789 1454 1027 1494 auerterant,
1071 1445 1170 1484 leuis
1208 1444 1443 1484 aestumatio

218 1519 421 1573 pecudum
445 1519 481 1558 in
518 1519 647 1574 multa
664 1518 751 1571 lege
775 1516 827 1556 C.
852 1516 939 1566 Iuli,
963 1515 1013 1556 P.
1049 1515 1198 1570 Papirii
1234 1516 1442 1557 consulum

218 1592 428 1631 constituta
452 1601 498 1631 st.

277 1661 482 1702 XXXVI.
520 1662 592 1703 Set
614 1662 762 1716 aliquot
780 1672 869 1701 ante
894 1662 1020 1710 annis,
1043 1674 1136 1700 eum
1159 1674 1315 1701 summa
1338 1670 1445 1701 esset

220 1736 433 1776 auctoritas
466 1735 503 1774 in
541 1744 694 1783 senatu,
729 1733 878 1788 populo
912 1732 1087 1786 patiente
1111 1740 1229 1785 atque
1264 1740 1443 1786 parente,

219 1807 313 1847 inita
331 1807 430 1846 ratio
454 1815 501 1856 st,
525 1815 624 1845 utet
646 1805 831 1845 consules
854 1814 893 1844 ct
909 1804 1051 1843 tribuni
1075 1803 1128 1857 pl.
1148 1804 1377 1857 magistratu
1401 1817 1444 1844 se

220 1879 466 1928 abdicarent,
506 1887 625 1931 atque
660 1886 702 1916 ut
736 1875 790 1916 X.
816 1876 889 1916 uiri
923 1876 1101 1915 maxima
1131 1884 1327 1929 potestate
1359 1875 1443 1915 sine

219 1951 507 2005 prouocatione
524 1958 768 1998 crearentur,
794 1948 858 2002 qui
877 1957 917 1987 et
934 1949 1134 1987 summum
1148 1947 1359 2000 imperium
1374 1946 1445 1986 ha-

222 2024 375 2071 berent,
429 2031 468 2060 et
502 2021 612 2074 leges
647 2021 880 2060 scriberent.
957 2018 1038 2067 Qui
1076 2033 1167 2058 eum
1201 2016 1256 2057 X.
1292 2017 1446 2058 tabulas

222 2107 379 2134 summa
401 2093 535 2146 legum
560 2092 759 2145 aequitate
784 2091 1073 2145 prudentiaque
1101 2089 1443 2144 conscripsissent,

221 2165 259 2205 in
284 2179 428 2204 annum
465 2173 670 2218 posterum
706 2163 960 2202 decemuiros
983 2162 1079 2201 alios
1114 2162 1442 2215 subrogaucrunt‚

223 2251 390 2291 quorum
415 2250 493 2275 non
515 2235 692 2275 similiter
715 2234 815 2274 fides
838 2248 912 2274 nee
945 2234 1089 2273 iustitia
1112 2233 1285 2274 laudata.
1348 2231 1443 2278 Quo

221 2319 355 2349 tamen
375 2323 396 2348 e
419 2308 588 2361 collegio
604 2308 688 2348 laus
711 2317 769 2348 est
794 2306 856 2346 illa
875 2306 1023 2347 eximia
1045 2305 1098 2346 C.
1122 2305 1210 2353 Iuli,
1234 2305 1298 2358 qui
1316 2303 1442 2346 homi-
