1611 2708
605 258 751 290 LlBER
787 257 859 289 111.
1265 234 1327 288 97

165 372 192 396 ’ἃ
208 372 232 396 ⁹⁶
247 367 367 412 XIX.
407 366 513 410 Tum
552 368 703 409 omissis
744 366 1024 417 communibus,
1066 365 1120 407 ad
1153 364 1331 421 propria

107 443 306 484 ueniebat.
369 440 509 482 Bonus
545 440 619 490 uir,
641 440 779 493 inquit,
803 441 833 480 si
870 440 1017 480 habeat
1037 451 1199 479 seruum
1229 436 1332 491 sugi-

106 516 233 556 tiuum
267 513 332 554 uel
366 513 530 554 domum
564 511 805 552 insalubrem
839 526 886 551 ac
923 511 1192 566 pestilentem,
1228 524 1332 565 quae

109 587 205 626 uitia
238 584 345 625 solus
367 583 478 633 sciat,
502 592 543 623 et
574 583 666 623 ideo
687 582 910 638 proscribat
940 591 982 623 ut
1003 582 1166 632 uendat‚
1201 591 1334 622 utrum

108 672 159 699 ne
181 657 429 713 profitebitur
461 655 669 711 fugitiuum
702 669 864 696 seruum
885 655 951 696 uel
985 655 1239 709 pestilentem
1263 654 1335 694 do-

113 743 226 769 mum
248 743 290 769 se
314 728 507 778 uendere,
535 742 584 768 an
606 727 750 768 celabit
772 736 996 781 emptorem
1014 725 1030 766 ?
1085 726 1154 766 Sic
1176 725 1338 780 profite-

110 801 228 850 bitur,
251 801 379 840 bonus
402 799 579 854 quidem,
604 799 694 853 quia
715 813 794 838 non
817 797 926 838 fallet
944 813 955 848 3
988 797 1057 837 sed
1082 806 1217 837 tamen
1239 797 1338 836 stul-

111 880 175 911 tus
208 870 460 919 iudicabitur,
496 870 587 924 quia
619 869 683 908 uel
716 883 841 923 paruo
878 869 1042 918 uendet,
1078 868 1143 908 uel
1175 868 1337 908 omnino

114 955 194 981 non
215 940 381 981 uendet.
445 939 488 980 Si
521 939 726 989 celauerit,
762 939 835 979 erit
857 939 1020 994 quidem
1054 938 1227 993 sapiens,
1251 938 1343 992 quia

114 1013 173 1053 rei
194 1012 403 1063 consulet;
424 1011 495 1053 sed
518 1011 627 1052 idem
648 1011 789 1061 malus,
814 1007 906 1064 quia
928 1009 1051 1050 fallet.
1116 1010 1288 1060 Rursus,
1312 1009 1342 1050 si

116 1083 290 1138 reperiat
323 1083 496 1136 aliquem
531 1082 598 1136 qui
632 1081 904 1122 aurichalcum
926 1095 969 1122 se
1004 1090 1114 1136 putet
1150 1081 1343 1131 uendere,

117 1168 212 1194 cum
247 1154 295 1194 sit
327 1153 423 1193 illud
447 1167 618 1204 aurum3
653 1162 720 1192 aut
750 1152 974 1207 plumbum,
1008 1167 1100 1193 cum
1123 1153 1171 1192 sit
1204 1166 1345 1206 argen-

118 1235 232 1266 tum:
263 1225 412 1265 tacebit
433 1239 498 1274 ne,
536 1233 579 1264 ut
598 1224 638 1264 id
675 1238 801 1278 paruo
823 1233 944 1274 emat,
983 1238 1032 1264 an
1068 1224 1272 1273 indicabit,
1306 1233 1347 1263 ut.

120 1295 298 1350 magno?
334 1296 506 1336 Stultum
529 1296 647 1350 plane
669 1295 829 1336 uidetur
858 1295 977 1335 malle
1000 1309 1160 1349 magno.
1230 1293 1347 1336 Unde

119 1367 301 1424 intelligi
321 1367 493 1419 uolebat,
517 1374 553 1408 et
575 1382 661 1409 eum
683 1367 754 1423 qui
783 1367 834 1408 sit
854 1367 983 1407 iustus
1005 1382 1051 1408 ac
1072 1366 1211 1417 bonus,
1248 1366 1348 1408 stul-

122 1446 204 1480 tum
225 1454 304 1480 esse
317 1455 334 1489 ‚·
357 1446 393 1479 et
415 1454 514 1490 eum,
538 1439 609 1494 qui
628 1439 801 1495 sapiens,
823 1440 985 1480 malum.

179 1509 280 1551 XX.
320 1507 645 1552 Transcendebat
686 1525 783 1566 ergo
825 1510 880 1551 acl
921 1511 1089 1562 maiora,
1127 1511 1171 1552 ’ἱη
1205 1510 1350 1567 quibus

123 1595 234 1622 ‘nemo
260 1588 397 1636 posset
430 1581 515 1622 sine
548 1581 735 1636 periculo
768 1582 876 1623 uitae
907 1583 1036 1623 iustus
1070 1598 1166 1624 esse.
1226 1583 1351 1625 Dice-

126 1652 193 1693 bat
215 1652 318 1692 enim
332 1667 345 1691 .·
376 1651 541 1706 Nempe
564 1653 709 1693 iustitia
730 1663 790 1694 est
811 1654 1016 1694 hominem
1047 1669 1126 1695 non
1147 1656 1352 1705 occidere,

128 1724 301 1764 alienum
323 1737 485 1778 prorsus
515 1738 593 1764 non
616 1725 824 1778 attingere.
888 1724 1000 1773 Quid
1033 1740 1128 1780 ergo
1150 1727 1273 1768 iustus
1295 1726 1354 1767 fa-

128 1796 221 1846 ciet,
257 1796 289 1835 si
312 1794 412 1836 forte
434 1795 685 1850 naufragium
708 1795 862 1846 fecerit,
886 1806 926 1837 et
959 1797 1099 1852 aliquis
1121 1798 1378 1852 imbecillior-

129 1867 279 1907 uiribus
308 1866 484 1907 tabulam
506 1866 689 1921 ceperit?
723 1881 854 1908 nonne
871 1867 982 1908 illum
1012 1868 1147 1909 tabula
1169 1869 1358 1910 deturba-

128 1938 199 1988 bit,
222 1948 263 1978 ut
295 1938 380 1992 ipse
402 1938 662 1989 conscendat,
695 1952 825 1993 eaque
845 1939 964 1980 nixus
986 1940 1146 1990 euadat,
1180 1941 1359 1980 maxime

131 2023 225 2050 cum
247 2009 296 2049 sit
316 2009 446 2049 nullus
478 2010 612 2050 medio
634 2010 733 2050 mari
754 2010 897 2051 testis?
946 2010 991 2051 Si
1013 2011 1171 2066 sapiens
1203 2021 1276 2062 est,
1299 2011 1359 2052 sa-

132 2080 242 2131 ciet;
264 2080 336 2134 ipsi
359 2081 464 2121 enim
487 2082 739 2135 pereundum
757 2091 829 2132 est,
852 2081 923 2122 nisi
947 2081 1102 2123 feeerit.
1158 2083 1202 2123 Si
1225 2093 1359 2124 autem

132 2151 234 2192 mori
268 2152 465 2203 maluerit,
504 2167 623 2207 quam
661 2167 802 2194 manus
833 2152 980 2194 inferre
1003 2154 1128 2204 alteri,
1161 2154 1240 2195 iam
1262 2168 1360 2195 uero

135 2223 260 2264 iustus
282 2223 362 2273 ille,
395 2223 470 2266 sed
490 2226 630 2265 stultus
654 2235 726 2276 est,
761 2226 827 2280 qui
849 2226 954 2266 uitae
987 2240 1083 2267 suae
1106 2240 1185 2267 non
1206 2236 1360 2281 parcat„

136 2294 233 2336 dum
254 2296 383 2350 parcit
404 2296 573 2338 alienae.
636 2296 772 2338 Idem:
795 2298 827 2339 si
851 2298 939 2339 acie
960 2311 1123 2339 suorum
1145 2297 1247 2349 fusa,
1267 2300 1359 2340 hos-
