1611 2708
645 238 790 268 1ABER
829 238 859 268 L
1302 223 1363 270 3?

137 353 214 403 q'ue
237 358 278 389 et
298 361 372 390 rex
395 357 434 389 et
454 347 568 404 pater
590 347 806 388 haberetur
827 346 1034 399 omnium3
1060 360 1206 400 magna
1229 354 1366 387 aucto-

135 421 229 461 ritas
251 430 312 461 est
344 420 538 474 multique
559 429 711 469 testes3
745 419 1107 473 siquidem.omnis
1128 418 1275 459 multos
1297 432 1367 472 ap-

135 492 275 547 pellari
298 492 461 546 place‘t3
492 490 546 530 ita
563 490 816 530 consensisse
840 500 994 543 gentes,
1030 490 1204 531 decretis
1225 489 1368 530 uideli-

137 572 203 604 cet
235 562 476 617 principum,
499 561 596 601 nihil
631 574 720 601 esse
743 574 840 614 rege
864 561 1020 611 melius,
1058 562 1246 615 quoniam
1270 560 1370 602 deos

139 632 269 674 omnis
291 642 431 674 censet
453 632 568 673 unius
586 633 669 685 regi
692 632 870 672 numine.
936 631 1033 672 Siue
1048 632 1152 672 haec
1173 632 1212 672 in
1234 645 1370 672 errore

136 705 412 760 imperitorum
446 705 574 759 posita
609 717 699 744 esse
734 713 773 744 et
805 702 1029 744 fabularum
1062 703 1205 744 similia
1228 703 1371 744 didici-

139 790 259 828 mus;
286 776 496 817 audiamus
519 775 743 816 communis
766 774 879 829 quasi
902 774 1089 815 doctores
1124 774 1370 815 eruditorum

137 848 361 897 hominum,
397 848 464 901 qui
485 857 692 900 tamquam
714 846 840 887 oculis
862 846 928 886 illa
949 845 1150 896 uiderunt,
1174 858 1278 900 quae
1300 858 1373 885 nos

138 917 209 958 uix
251 918 454 958 audiendo
496 918 793 972 cognoscimus.
856 915 1052 967 Quinam,
1094 907 1221 971 inquit
1262 915 1371 957 Lae-

135 989 226 1039 lius,
272 989 334 1029 isti
376 998 466 1029 sunt
488 988 504 1029 ?
568 987 624 1029 Et
664 988 744 1039 ille,
793 989 859 1043 qui
884 998 1044 1029 matura
1084 989 1263 1029 omnium
1305 1001 1371 1027 re-

137 1075 227 1102 rum
258 1061 571 1118 peruestiganda
604 1070 815 1102 senserunt
848 1075 1011 1102 omnem
1032 1060 1141 1102 hunc
1174 1059 1371 1101 mundum

139 1141 275 1174 mente
302 1164 456 1174 .....

470 1248 706 1280 Desiderantur
728 1249 868 1289 paginae
892 1254 1039 1287 quatuor.

201 1348 427 1392 XXXVII.
449 1382 458 1391 .
480 1382 521 1391 ..
548 1350 621 1391 Set
657 1351 689 1392 si
723 1352 798 1402 uis,
832 1351 964 1401 Laeli,
1007 1351 1113 1392 dabo
1149 1351 1219 1393 tibi
1251 1359 1375 1392 testes

141 1436 218 1463 nec
240 1423 358 1462 nimis
380 1423 562 1476 antiquos
584 1436 660 1462 nec
683 1422 763 1462 ullo
780 1422 903 1463 modo
923 1422 1131 1463 barbaros.
1179 1421 1234 1463 L.
1258 1421 1374 1473 Istos,

141 1494 294 1549 inquid,
318 1494 425 1534 uolo.
481 1491 528 1533 S.
551 1492 682 1534 Uides
703 1508 753 1534 ne
777 1495 893 1548 igitur
914 1495 1046 1535 minus
1064 1494 1376 1548 quadringento-

104 1587 109 1591 -
142 1580 231 1607 rum
254 1579 449 1606 annorum
467 1579 557 1606 esse
580 1566 685 1606 hanc
699 1566 840 1606 urbem
864 1575 907 1606 ut
923 1566 1007 1607 sine
1022 1566 1184 1621 regibus
1206 1566 1284 1606 sit?
1317 1565 1374 1607 L.

142 1636 257 1679 Uero
278 1638 424 1678 minus.
459 1636 506 1677 S.
530 1636 643 1684 Quid
662 1651 758 1692 ergo
780 1638 883 1679 haec
901 1637 1283 1692 quadringentorum
1307 1652 1376 1678 an·
1405 1646 1408 1649 '

142 1723 287 1749 norum
305 1718 415 1748 aetas
436 1717 480 1748 ut
495 1708 604 1749 urbis
626 1717 666 1749 et
682 1709 867 1758 ciuitatis,
889 1723 985 1749 num
1008 1708 1128 1749 ualde
1145 1709 1263 1763 longa
1285 1707 1377 1750 est?

145 1779 201 1821 L.
234 1779 315 1820 Ista
336 1793 450 1829 uero,
482 1779 634 1833 inquid,
659 1780 794 1820 adulta
815 1780 899 1820 uix.
965 1778 1010 1820 S.
1036 1779 1149 1833 Ergo
1170 1780 1231 1820 his
1265 1780 1378 1820 annis

146 1852 448 1906 quadringentis
470 1851 631 1892 Romae
657 1866 731 1892 rex
755 1860 853 1892 erat.
916 1850 971 1892 L.
996 1850 1052 1892 Et
1073 1852 1269 1906 superbus
1291 1851 1378 1905 qui-

147 1924 257 1965 dem.
323 1922 369 1963 S.
394 1921 508 1972 Quid
531 1922 682 1978 supra?
744 1922 800 1964 L.
823 1922 1094 1974 Iustissimus3
1116 1932 1156 1963 et
1184 1923 1379 1978 deinceps

146 2004 253 2036 retro
275 2008 402 2048 usque
438 1995 489 2034 ad
514 1994 749 2045 Romulum,
784 1990 848 2048 qui
873 1995 921 2034 ab
953 1995 1032 2036 hoc
1068 2003 1251 2049 tempore
1274 2008 1378 2037 anno

148 2066 438 2107 sescentesimo
460 2080 534 2106 rex
558 2075 656 2106 erat.
721 2065 767 2106 S.
801 2065 914 2120 Ergo
936 2080 986 2106 ne
1004 2066 1078 2107 iste
1101 2066 1264 2120 quidem
1285 2080 1379 2120 per-

149 2145 280 2179 uetus.
336 2135 392 2176 L.
415 2136 600 2188 Minime,
623 2151 671 2178 ac
684 2151 811 2192 prope
826 2146 1064 2178 senescente
1090 2138 1169 2177 iam
1188 2137 1377 2180 Graecia.

151 2207 199 2250 S.
223 2207 359 2258 Cedo,
380 2222 491 2259 num,
516 2209 655 2263 Scipio
675 2210 938 2250 barbarorum
955 2209 1158 2251 Romulus
1180 2222 1253 2249 rex
1276 2208 1379 2249 fuit?

150 2281 206 2324 L.
231 2282 276 2324 Si
299 2291 342 2323 ut
364 2281 512 2324 Graeci
535 2282 673 2325 dicunt
685 2284 815 2325 omnis
837 2292 903 2325 aut
921 2282 1067 2326 Graios
1088 2296 1178 2326 esse
1201 2291 1269 2325 aut
1287 2281 1379 2324 bar-=

562 2358 589 2394 4
