1611 2708
691 219 840 250 LIBER
875 218 943 248 w.
1326 198 1415 245 137

189 346 382 373 numerus
403 345 539 372 rerum
573 330 753 371 omnium
787 329 872 370 sere
898 327 1029 368 nodus
1051 334 1139 367 est:
1172 323 1279 379 quod
1313 322 1418 362 docti

187 406 371 446 homines
399 405 535 445 neruis
570 404 710 444 imitati
746 411 866 456 atque
894 400 1093 449 cantibus,
1118 409 1315 452 aperuere
1348 394 1421 435 sibi

189 477 363 517 reditum
397 476 435 516 in
472 476 579 515 hunc
612 474 777 514 locum:
809 473 911 513 sicut
941 471 1005 512 alii
1038 471 1105 525 qui
1130 467 1424 524 praestantibus

190 547 359 601 ingeniis
380 547 420 587 in
442 547 523 586 uita
544 546 720 586 humana
738 544 873 585 diuina
896 543 1026 584 studia
1043 542 1269 582 coluerunt.
1328 537 1424 579 Hoc

190 617 321 658 sonitu
354 617 543 672 oppletae
587 630 706 657 aures
739 615 948 656 hominum
990 613 1316 654 obsurduerunt:
1347 623 1424 650 nec

191 697 253 728 est
274 688 376 728 ullus
397 688 581 729 hebetior
603 702 744 728 sensus
766 687 804 726 in
827 686 969 726 uobis:
1012 684 1116 724 sicut
1142 683 1208 723 ubi
1232 681 1273 722 N
1277 682 1351 721 ilus
1374 680 1424 720 a'd

189 759 271 809 illa,
296 773 399 813 quae
423 759 639 814 Catadupa
660 759 929 807 nominantur,
946 755 1186 811 praecipitat
1208 768 1260 794 ex
1284 752 1425 793 altissi-

190 831 267 871 mis
284 832 498 881 montibus,
517 845 565 871 ea
579 844 692 885 gens,
713 844 816 884 quae
838 829 950 870 illum
972 829 1107 869 locum
1130 827 1290 876 accolit,
1305 840 1425 880 prop-

190 910 253 941 ter
274 902 592 955 magnitudinem
614 902 778 951 sonitus,
809 915 929 941 sensu
960 899 1149 940 audiendi
1164 908 1289 939 caret.
1344 897 1426 938 Hic

192 986 291 1013 uero
312 982 443 1013 tantus
465 983 526 1014 est
546 973 665 1014 totius
687 973 826 1013 mundi
849 972 1124 1013 incitatissima
1158 969 1426 1010 conuersione

193 1045 359 1094 sonitus,
382 1054 424 1084 ut
447 1059 540 1085 eum
571 1059 688 1086 aures
721 1045 929 1085 hominum
964 1057 1113 1098 capere
1147 1057 1226 1082 non
1261 1042 1426 1095 possint,

194 1115 297 1155 sicut
318 1115 461 1155 intueri
485 1115 611 1156 solem
642 1116 859 1156 aduersum
894 1115 1080 1169 nequitis,
1117 1114 1283 1167 eiusque
1306 1113 1428 1153 radiis

195 1186 305 1226 acies
327 1196 462 1227 uestra
485 1201 707 1242 sensusque
730 1187 915 1227 uincitur.
980 1184 1099 1226 Haec
1116 1199 1192 1240 ego
1211 1184 1426 1234 admirans,

194 1258 423 1300 referebam
445 1269 581 1299 tamen
603 1260 743 1300 oculos
767 1260 818 1299 ad
841 1269 989 1300 terram
1011 1259 1250 1298 identidem.

254 1329 376 1371 XIX.
424 1331 534 1371 Tum
573 1331 804 1382 Africanus,
847 1332 990 1382 sentio,
1032 1331 1170 1385 inquit,
1214 1340 1252 1371 te
1286 1331 1430 1371 sedem

196 1402 317 1442 etiam
339 1417 444 1442 nunc
474 1402 681 1442 hominum
716 1417 763 1442 ae
799 1403 964 1442 domum
998 1403 1289 1456 contemplari:
1324 1417 1427 1457 quae

194 1473 227 1512 si
245 1473 314 1512 tibi
334 1487 476 1526 parua,
500 1482 542 1512 ut
564 1482 638 1522 est,
661 1474 713 1513 ita
736 1474 910 1523 uidetur,
925 1474 1028 1514 haec
1051 1474 1244 1515 caelestia
1266 1489 1427 1529 semper

195 1553 404 1598 spectat03
436 1544 502 1584 illa
522 1544 712 1595 humana,
741 1545 1000 1585 contemnito.
1064 1545 1133 1585 Tu
1168 1547 1273 1586 enim
1308 1561 1428 1601 quam

196 1615 474 1655 celebritatem
497 1616 690 1655 sermonis
723 1617 945 1666 hominum,
970 1626 1036 1656 aut
1074 1631 1193 1671 quam
1232 1628 1428 1673 expeten-

197 1686 291 1726 dam
314 1686 480 1740 gloriam
504 1687 696 1740 consequi
720 1687 866 1741 potes?
928 1687 1058 1728 Uides
1076 1689 1244 1729 habitari
1261 1690 1299 1729 in
1321 1700 1428 1731 terra

197 1758 296 1798 raris
318 1767 358 1797 et
380 1758 556 1811 angustis
578 1759 617 1798 in
639 1758 766 1810 locis;
790 1768 829 1798 et
850 1758 890 1798 in
908 1759 1003 1813 ipsis
1019 1760 1131 1813 quasi
1154 1761 1337 1811 maculis,
1360 1762 1427 1802 ubi

196 1829 409 1880 habitatur,
445 1839 578 1870 uastas
612 1830 845 1870 solitudines
879 1830 1136 1872 interiectas:
1173 1833 1326 1887 hosque
1362 1835 1428 1888 qui

165 1939 172 1950 ,
196 1901 375 1941 incolunt
390 1910 553 1952 terram,
582 1916 662 1942 non
683 1902 806 1941 modo
840 1902 1079 1956 interruptos
1101 1903 1154 1944 ita
1177 1918 1281 1955 esse,
1305 1915 1347 1946 ut
1368 1907 1428 1946 ni-

196 1973 252 2013 hil
273 1974 375 2014 inter
397 1974 505 2027 ipsos
523 1974 572 2013 ab
596 1973 680 2014 aliis
703 1974 753 2013 ad
778 1974 875 2014 alios
891 1989 1056 2014 manare
1078 1976 1216 2030 possit,
1241 1978 1312 2017 sed
1334 1993 1427 2032 par-

196 2044 268 2085 tim
289 2044 486 2098 obliquos,
508 2045 653 2099 partim
688 2059 864 2095 auersos,
897 2046 1041 2100 partim
1078 2047 1197 2087 etiam
1234 2049 1427 2090 aduersos

197 2124 303 2156 stare
326 2116 440 2157 uobis
459 2131 469 2156 t
502 2131 524 2157 a
547 2117 689 2171 quibus
711 2127 930 2173 expectare
953 2118 1121 2173 gloriam
1143 2129 1253 2162 certe
1276 2121 1425 2163 nullam

197 2188 376 2242 potestis.

554 2260 635 2301 12*
