1611 2708
231 256 294 304 50
639 272 701 303 DE
739 274 801 303 RE
838 273 1047 305 PVBLmA

231 390 271 420 et
293 379 402 434 quasi
428 379 582 433 fragore
602 380 777 434 quodam
799 389 840 421 et
860 382 988 422 sonitu
1010 383 1096 437 ipso
1118 392 1209 424 ante
1232 385 1451 428 denuntiat.

230 450 379 504 Neque
413 464 510 489 uero
545 451 754 504 quisquam
787 461 918 505 potest
951 453 1075 493 hostis
1112 454 1302 496 aduolare
1333 455 1452 506 terra,

231 523 324 576 quin
347 536 439 561 eum
477 536 555 562 non
577 524 698 564 modo
730 538 834 574 esse,
857 525 929 565 sed
966 526 1085 566 etiam
1109 527 1196 581 quis
1218 536 1258 567 et
1279 528 1385 569 unde
1407 529 1457 569 sit

229 594 332 634 scire
354 594 566 647 possimus.
628 594 853 636 Maritimus
875 610 972 637 uero
994 597 1059 638 ille
1082 608 1123 638 et
1157 599 1309 639 naualis
1329 599 1454 640 hostis

230 673 320 704 ante
359 665 501 705 adesse
537 675 682 720 potest,
710 680 829 720 quam
867 668 1076 721 quisquam
1114 678 1325 710 uenturum
1362 684 1453 711 esse

229 735 421 789 suspicari
440 746 572 790 queat.
636 736 677 776 N
681 751 728 776 ec
745 751 842 777 uero
860 751 953 778 cum
975 738 1084 778 uenit
1104 753 1201 792 prae
1224 754 1266 780 se
1290 739 1365 780 sert
1387 749 1455 780 aut

230 806 296 861 qui
318 807 379 857 sit,
399 816 465 847 aut
486 808 591 848 unde
614 808 761 858 ueniat,
780 817 846 849 aut
868 809 987 849 etiam
1006 810 1098 863 quid
1123 810 1245 862 uelit3
1278 811 1454 865 denique

169 878 171 881 ’
228 891 279 917 ne
302 887 394 918 nota
416 879 579 932 quidem
601 879 680 919 ulla
700 888 866 933 pacatus
889 894 938 920 an
971 880 1095 921 hostis
1123 881 1172 922 sit
1204 882 1377 922 discerni
1405 896 1454 923 ac

228 949 395 989 iudicari
417 959 562 1003 potest.

286 1020 360 1060 IV.
414 1020 490 1061 Est
513 1030 645 1061 autem
680 1022 884 1062 maritimis
906 1022 1082 1063 uribibus
1104 1023 1223 1063 etiam
1251 1024 1453 1078 quaedam

229 1092 455 1146 corruptela
497 1106 543 1131 ac
585 1092 749 1132 mutatio
790 1107 946 1132 morum
972 1107 981 1131 :
1029 1093 1301 1134 admiscentur
1347 1094 1454 1134 enim

228 1166 342 1205 nouis
379 1167 627 1206 sermonibus
661 1181 707 1206 ac
747 1167 976 1220 disciplinis,
1010 1176 1050 1208 et
1091 1168 1338 1223 inportantur
1375 1181 1453 1207 non

227 1250 387 1276 merces
409 1236 536 1276 solum
560 1236 811 1275 aduenticiae
849 1237 921 1276 sed
955 1237 1076 1277 etiam
1109 1251 1257 1288 mores,
1279 1247 1322 1278 ut
1354 1238 1452 1277 nihil

228 1308 351 1362 possit
372 1308 411 1347 in
432 1307 567 1361 patriis
590 1307 771 1347 institutis
805 1320 969 1348 manere
1004 1307 1216 1362 integrum.
1279 1307 1365 1348 Iam
1389 1307 1455 1361 qui

228 1379 406 1419 incolunt
428 1392 496 1418 eas
527 1378 660 1428 urbes,
683 1392 761 1418 non
798 1378 965 1419 haerent
993 1379 1031 1418 in
1065 1379 1146 1419 suis
1182 1379 1358 1428 sedibus,
1382 1378 1453 1419 sed

231 1449 381 1490 uolucri
405 1462 565 1502 semper
599 1463 668 1502 spe
693 1458 733 1488 et
763 1449 1006 1502 cogitatione
1045 1449 1249 1502 rapiuntur
1281 1463 1304 1489 a
1335 1449 1456 1489 domo

228 1522 409 1575 longius:
443 1521 575 1574 adque
613 1521 732 1560 etiam
770 1535 863 1560 cum
900 1530 1063 1560 manent
1099 1534 1282 1574 corpore,
1320 1521 1453 1561 animo

228 1605 362 1635 tamen
386 1602 604 1633 excurrunt
626 1602 664 1632 et
685 1602 893 1646 uagantur.
956 1592 998 1633 N
1002 1606 1049 1633 ec
1072 1607 1171 1633 uero
1189 1593 1267 1633 ulla
1284 1607 1348 1633 res
1369 1607 1455 1633 ma-

229 1666 289 1720 gis
325 1663 606 1705 labefactatam
640 1664 707 1703 diu
745 1672 784 1703 et
820 1663 1108 1717 Carthaginem
1141 1672 1180 1703 et
1213 1663 1453 1704 Corinthum

227 1737 421 1792 peruertit
457 1735 683 1789 aliquando,
707 1749 826 1788 quam
860 1735 925 1775 hic
960 1748 1070 1774 error
1102 1747 1149 1774 ac
1173 1734 1377 1788 dissipatio
1398 1734 1455 1774 ci-

229 1808 353 1858 uium,
377 1808 484 1862 quod
506 1806 712 1846 mercandi
735 1806 952 1859 cupiditate
975 1815 1014 1846 et
1042 1805 1256 1858 nauigandi
1278 1813 1318 1845 et
1340 1817 1456 1859 agro-

230 1893 319 1919 rum
342 1888 381 1919 et
403 1893 602 1918 armorum
626 1878 776 1917 cultum
799 1877 1054 1930 reliquerant.
1119 1875 1249 1915 Multa
1267 1875 1386 1915 etiam
1404 1875 1454 1914 ad

229 1951 428 1991 luxuriam
460 1951 718 1990 inuitamenta
752 1949 976 2003 perniciosa
1007 1947 1231 1988 ciuitatibus
1265 1946 1455 2000 subpedi-

230 2031 360 2062 tantur
387 2022 500 2071 mari,
524 2035 626 2074 quae
660 2021 724 2060 uel
756 2020 965 2073 capiuntur
997 2019 1062 2058 uel
1094 2018 1365 2071 inportantur:
1399 2026 1456 2057 at-

230 2107 308 2148 que
340 2094 458 2133 habet
487 2093 605 2132 etiam
641 2092 859 2131 amoenitas
892 2092 977 2145 ipsa
1012 2090 1076 2130 uel
1110 2100 1365 2144 sumptuosas
1390 2089 1456 2129 uel

231 2165 450 2204 desidiosas
488 2163 710 2203 inlecebras
746 2162 890 2202 multas
927 2161 1204 2215 cupiditatum.
1271 2160 1327 2200 Et
1348 2160 1455 2214 quod

232 2237 282 2277 de
307 2236 501 2277 Corintho
533 2236 630 2285 dixi,
653 2236 691 2275 id
725 2235 830 2274 haud
869 2234 951 2274 scio
985 2248 1033 2273 an
1071 2234 1190 2274 liceat
1227 2233 1277 2273 de
1310 2241 1456 2273 cuncta

233 2308 637 2365 Gracciaffluerissime
661 2307 811 2347 dicere.
865 2305 973 2346 Nam
992 2315 1032 2346 et
1048 2306 1133 2359 ipsa
1150 2304 1456 2359 Peloponnesus
