1611 2708
667 237 814 268 [ABER
853 237 884 266 1.
1334 218 1396 267 39

166 351 235 390 bas
258 349 373 403 igitur
396 348 572 389 animum
604 348 658 388 ita
680 346 918 388 adfectum?
980 344 1035 386 L.
1061 344 1172 385 Nihil
1195 358 1308 393 uero,
1339 344 1397 384 in-

165 422 260 476 quit,
284 421 425 475 magis.
481 418 526 460 S.
552 418 706 473 “Ergo
720 433 799 458 non
822 417 1004 472 profecto
1019 417 1225 472 probares,
1249 415 1399 460 sicon-

167 493 253 533 silio
295 492 423 546 pulso,
444 490 644 539 libidines,
683 503 785 543 quae
829 499 920 529 sunt
952 488 1278 538 innumerabiles,
1322 488 1399 527 ira·
1435 535 1451 539 Ν

163 562 390 604 cundiaeue
424 570 609 601 tenerent
642 560 790 600 omnia.
853 559 909 600 L.
935 559 1027 614 Ego
1061 575 1160 600 uero
1194 559 1290 600 nihil
1324 559 1400 599 isto

162 634 309 684 animo,
342 632 440 673 nihil
460 632 514 672 ita
549 632 724 672 animato
755 632 918 672 homine
950 631 1135 671 miserius
1158 630 1399 672 ducere1n.’⁷

164 704 212 746 S.
239 705 323 746 Sub
346 719 472 759 regno
494 704 611 758 igitur
643 704 712 744 tibi
736 718 825 744 esse
848 703 983 756 placet
1014 703 1144 741 omnis
1167 702 1286 742 animi
1309 716 1400 756 par-

160 786 236 827 tes,
260 785 300 817 et
322 790 391 817 eas
412 776 497 830 regi
515 775 696 816 consilio.
759 773 815 814 L.
839 773 941 814 Mihi
964 787 1062 813 uero
1085 774 1142 814 sie
1166 774 1314 827 placet.
1351 772 1398 814 S.

163 847 251 889 Cur
272 848 390 902 igitur
413 848 571 888 dubitas
595 847 687 902 quid
709 846 759 887 de
782 860 825 886 rc
848 846 1009 901 publica
1032 845 1211 886 sentias?
1244 845 1283 886 in
1308 859 1400 900 qua,

161 920 193 960 si
216 920 255 959 in
278 919 415 974 plures
436 919 628 959 translata
649 933 714 958 res
732 918 794 968 sit,
817 918 992 972 intellegi
1015 918 1094 957 iam
1117 917 1225 968 lieet,
1247 917 1401 972 nullum

161 991 247 1032 sore
272 992 380 1047 quod
402 991 552 1046 praesit
574 991 817 1046 imperium3
845 990 953 1045 quod
977 990 1156 1044 quidem,
1179 990 1253 1030 nisi
1276 1005 1400 1035 unum

161 1065 223 1115 sit,
249 1078 339 1104 esse
362 1064 513 1104 nullum
543 1073 689 1118 potest.

224 1135 434 1177 XXXIX.
468 1136 580 1176 Tum
615 1135 797 1186 Laelius,
834 1135 929 1190 quid
969 1149 1119 1190 quaeso
1154 1135 1319 1176 interest
1341 1135 1400 1175 in-

159 1220 219 1251 ter
240 1223 365 1249 unuin
388 1217 427 1248 et
449 1208 600 1262 plures,
624 1208 654 1247 si
672 1208 818 1248 iustitia
842 1217 902 1247 est
920 1207 958 1247 in
980 1206 1193 1261 pluribus?
1228 1206 1284 1247 Et
1308 1207 1399 1248 Sci-

158 1281 240 1337 pio,
264 1280 452 1335 quoniam
475 1280 642 1319 testibus
660 1279 760 1319 meis
778 1279 972 1328 intellexi,
997 1278 1129 1329 Laeli,
1152 1288 1191 1318 te
1209 1294 1290 1319 non
1312 1279 1399 1320 ual-

162 1353 213 1394 de
236 1353 406 1402 moucri‚
430 1366 509 1392 non
532 1352 714 1392 desinam
737 1361 775 1391 te
799 1352 853 1391 uti
871 1360 988 1401 teste,
1011 1360 1053 1391 ut
1074 1351 1151 1391 hoc
1176 1351 1283 1405 quod
1308 1352 1399 1392 dieo

160 1425 344 1479 probem.
407 1423 494 1473 Me,
527 1424 653 1476 inquit
674 1423 755 1472 ille,
793 1437 967 1476 quonam
988 1422 1143 1463 modo?
1208 1421 1255 1463 S.
1289 1423 1401 1482 Quia

161 1499 338 1546 animum
362 1496 516 1537 aduerti
549 1510 678 1550 nuper
700 1510 793 1536 curn
821 1510 1004 1536 essemus
1026 1496 1065 1535 in
1101 1488 1399 1547 Formiano,'te

163 1570 338 1611 familiae
361 1569 483 1609 ualde
520 1568 763 1608 interdicere
787 1581 829 1609 ut
851 1569 917 1608 uni
941 1569 1049 1608 dicto
1084 1569 1252 1609 audiens
1276 1579 1397 1610 esset.

160 1641 216 1683 L.
251 1642 418 1696 Quippe
453 1640 588 1681 uilico.
654 1639 700 1680 S.
736 1639 849 1688 Quid
873 1640 1014 1680 domi?
1050 1641 1185 1694 plures
1207 1656 1257 1681 ne
1281 1656 1399 1696 prae-

161 1722 251 1753 sunt
273 1713 444 1766 negotiis
465 1711 575 1752 tuis?
639 1710 695 1751 L.
719 1711 850 1751 Immo
874 1726 971 1752 uero
1003 1727 1120 1762 unus,
1143 1713 1283 1767 inquit.
1350 1712 1415 1754 S.'

161 1783 306 1833 Quid?
339 1793 463 1824 totam
500 1783 666 1823 domuin
706 1798 802 1823 num
827 1783 913 1837 quis
941 1783 1054 1833 alter,
1088 1793 1250 1838 praeter
1272 1793 1310 1824 te
1334 1799 1399 1825 re-

160 1857 251 1912 git?
305 1856 360 1896 L.
395 1856 564 1897 Minime
597 1870 710 1897 uero.
775 1855 821 1897 S.
856 1856 967 1905 Quin
990 1867 1031 1897 tu
1053 1857 1171 1911 igitur
1205 1859 1399 1900 concedis

159 1929 269 1970 idem
307 1929 345 1968 in
369 1943 412 1968 re
450 1929 627 1982 publica,
663 1928 908 1982 singulorum
945 1928 1185 1979 dominatus,
1221 1930 1252 1970 si
1275 1931 1398 1970 modo

158 2000 248 2040 iusti
271 2000 358 2050 sint,
383 2014 472 2040 esse
494 1999 699 2054 optimos?
745 1999 800 2039 L.
825 2000 1023 2040 Addueor
1046 2001 1163 2055 igitur
1186 2010 1226 2041 et
1247 2016 1396 2056 prope-

160 2071 326 2111 modum
350 2072 567 2112 adsentior.

220 2141 316 2183 XL.
351 2142 407 2183 Et
429 2143 582 2198 Scipio,
612 2153 696 2184 tum
720 2146 847 2199 magis
870 2143 1113 2196 adsentiare,
1144 2146 1277 2196 Laeli,
1301 2147 1331 2186 si
1354 2156 1397 2187 ut

159 2215 341 2255 omittam
363 2206 642 2266 similitudinis,
678 2217 745 2257 uni
767 2218 1038 2271 gubernatori,
1073 2218 1141 2258 uni
1164 2219 1340 2269 medico,
1364 2220 1394 2260 si

161 2287 282 2342 digni.
303 2287 426 2329 modo
448 2287 524 2328 sint
557 2288 603 2329 iis
626 2289 789 2338 artibus,
813 2283 976 2330 rectius·
999 2302 1088 2330 esse
1113 2291 1225 2332 alteri
1246 2306 1394 2333 nauem
