1611 2708
656 222 802 254 mmm
840 221 912 252 111.
1317 208 1380 253 99

151 347 224 387 per
246 343 426 374 senatum
465 342 532 372 aut
552 345 624 386 per
655 333 847 387 populum
882 330 982 372 solui
1013 329 1090 370 hac
1123 329 1213 383 lege
1237 343 1378 383 possu—

153 418 268 445 mus:
305 417 436 458 neque
460 413 520 444 est
551 404 805 457 quaerendus
828 403 1063 457 explanator
1095 410 1162 442 aut
1183 401 1380 454 interpres

153 476 239 516 eius
274 476 401 515 alius:
432 488 509 515 nec
532 474 605 514 erit
639 474 716 514 alia
751 475 819 515 lex
857 474 1033 524 Romae,
1072 473 1148 514 alia
1180 472 1380 522 Athenis;

151 547 227 587 alia
248 560 367 596 nuno,
402 545 477 586 alia
498 546 665 600 posthac
686 561 697 597 ;
729 545 801 586 sed
825 554 863 585 et
885 554 1025 586 omnes
1048 555 1188 600 gentes
1211 554 1250 585 et
1271 544 1378 584 omni

149 627 332 672 tempore
354 631 433 657 una
453 617 521 657 lex
544 627 583 657 et
605 617 847 672 sempiterna
870 626 910 656 et
926 612 1182 656 immutabilis
1200 615 1380 656 contine-

149 687 232 739 bit;
253 702 436 743 unusque
452 689 525 730 erit
542 681 765 729 communis
781 688 892 742 quasi
907 687 1095 741 magister
1110 697 1150 727 et
1166 687 1381 741 imperator

148 760 328 800 omnium
350 759 466 802 Deus
484 775 497 812 ;
533 760 598 801 ille
621 760 719 814 legis
741 760 857 800 huius
889 760 1086 809 inuentor,
1123 758 1380 813 disceptator,

150 831 280 882 lator3
303 832 367 871 cui
391 833 456 886 qui
489 847 568 872 non
589 832 757 886 parebit,
782 832 866 886 ipse
904 845 947 872 se
971 829 1095 885 fugiet
1117 845 1164 871 ac
1198 840 1380 871 naturam

147 903 318 944 hominis
353 913 602 958 aspernatus,
635 904 713 944 hoc
747 904 833 958 ipso
865 904 948 944 luet
983 903 1182 944 maximas
1213 918 1379 957 poenas,

149 975 270 1016 etiam
304 976 335 1016 si
373 986 510 1017 cetera
547 975 756 1030 supplicia,
795 990 897 1030 quae
938 984 1140 1030 putantur,
1181 976 1378 1031 effugerit.

148 1046 392 1088 Lactantius
414 1047 509 1088 inst.
539 1047 620 1089 VI.
646 1050 686 1088 8.
704 1048 730 1071 ὕ
746 1047 771 1071 ⁹⁶

208 1126 230 1148 ἢ*
245 1122 267 1144 ³³
282 1118 445 1160 XXIII.
482 1120 577 1160 Scio
599 1120 638 1160 in
656 1120 755 1160 libro
774 1118 987 1161 Ciceronis
1008 1120 1138 1170 tertio,
1161 1120 1234 1160 nisi
1253 1119 1379 1170 fallor,

150 1192 200 1232 de
224 1206 266 1233 re
290 1192 464 1247 publica,
488 1192 885 1246 disputari—nullum
921 1191 1072 1246 bellum
1110 1192 1256 1246 suscipi
1280 1207 1303 1232 a
1324 1192 1380 1232 ci-

149 1268 271 1308 uitate
294 1267 457 1321 optima,
480 1266 553 1306 nisi
573 1275 639 1306 aut
654 1280 726 1320 pro
748 1266 829 1306 fide
849 1276 915 1307 aut
935 1280 1007 1320 pro
1031 1267 1156 1307 salute
1170 1291 1213 1306 —.
1267 1266 1381 1314 Quid

149 1348 284 1379 autem
308 1338 415 1378 dicat
435 1352 507 1392 pro
531 1337 670 1388 salute,
693 1338 760 1379 uel
781 1338 956 1392 intellegi
980 1352 1100 1392 quam
1117 1338 1286 1378 salutem
1309 1351 1380 1378 ue-

148 1410 204 1460 lit,
243 1410 320 1450 alio
342 1411 445 1459 loco,
470 1410 774 1468 demonstians:
805 1410 935 1450 -Sed
967 1410 1027 1450 his
1048 1411 1203 1463 poenis,
1240 1410 1379 1465 inquit,

149 1495 247 1536 quas
270 1481 390 1521 etiam
424 1481 640 1521 stultissimi
678 1482 863 1532 sentiunt,
887 1490 1080 1535 egestate,
1114 1482 1270 1532 exsilio,
1293 1483 1380 1523 uin-

148 1552 262 1603 culis,
285 1552 768 1603 ue1·beribus„elabuntur
790 1567 912 1607 saepe
934 1553 1093 1607 priuati,
1116 1553 1251 1593 oblata
1271 1567 1378 1594 mor-

148 1624 197 1665 tis
220 1624 454 1675 celeritate3
477 1622 710 1664 ciuitatibus
736 1633 870 1664 autem
904 1639 1011 1664 mors
1033 1625 1119 1678 ipsa
1150 1638 1282 1678 poena
1305 1633 1378 1674 est,

149 1708 253 1749 quae
272 1693 431 1734 uidetur
454 1708 475 1734 a
493 1708 625 1749 poena
646 1695 821 1748 singulos
838 1695 1058 1736 uindicare.
1113 1695 1251 1736 Debet
1273 1697 1380 1736 enim

147 1766 363 1806 constituta
384 1765 441 1806 sic
464 1779 553 1806 esse
584 1766 724 1806 ciuitas
746 1775 788 1806 ut
818 1776 982 1807 aeterna
1004 1767 1065 1807 sit.
1129 1767 1269 1822 Itaque
1291 1768 1379 1808 nul-

147 1837 209 1877 lus
231 1837 412 1878 interitus
434 1846 495 1878 est
515 1837 573 1878 rei
593 1837 779 1892 publicae
801 1839 1004 1889 naturalis,
1043 1848 1085 1879 ut
1104 1839 1274 1881 hominis
1290 1855 1302 1892 3
1339 1841 1378 1881 in

146 1922 227 1964 quo
269 1923 377 1950 mors
410 1923 489 1950 non
530 1909 653 1950 modo
694 1911 925 1951 necessaria
966 1919 1039 1962 est,
1077 1925 1218 1951 uerum
1256 1912 1377 1953 etiam

146 1980 321 2034 optanda
343 1994 557 2036 persaepe.
621 1980 778 2022 Ciuitas
800 1992 933 2022 autem
955 1997 1049 2023 cum
1071 1983 1231 2034 tollitur,
1265 1984 1377 2024 dele-

145 2061 223 2102 tur,
256 2053 533 2108 exstinguitur.
598 2052 738 2094 Simile
761 2063 821 2095 est
844 2054 1018 2108 quodam
1040 2056 1177 2105 modo,
1200 2064 1242 2095 ut
1263 2070 1376 2110 mag-

146 2123 208 2163 nis
228 2137 354 2178 parua
388 2123 658 2175 conseramus,
691 2139 739 2165 ac
761 2126 792 2166 si
814 2127 943 2167 omnis
964 2127 1030 2167 hic
1064 2127 1238 2167 mundus
1274 2127 1375 2168 inte-

146 2203 246 2244 reat,
281 2204 322 2237 et
356 2197 556 2239 concidat.
617 2196 877 2254 Augustinus
908 2198 956 2240 de
989 2197 1102 2241 ciuit.
1132 2197 1194 2240 D.
1219 2197 1372 2245 XXII.

148 2267 189 2308 6.
214 2265 273 2288 *²1⁵
605 2291 607 2293 .
