1611 2708
224 231 288 279 56
628 248 689 277 DE
727 248 789 278 RE
827 248 1033 279 PvsschA

281 355 356 396 XI.
389 355 547 396 Uidetis
568 370 618 396 ne
642 356 756 409 igitur
788 357 901 397 unius
922 357 995 397 uiri
1017 356 1181 397 consilio
1202 371 1280 397 non
1313 359 1441 400 solum

220 437 349 467 ortum
372 442 520 468 nouum
542 428 748 482 populum,
771 443 902 483 neque
926 438 967 468 ut
988 429 1027 468 in
1050 429 1256 469 cunabulis
1278 430 1441 483 uagien-

219 507 300 538 tem
335 499 530 548 relictum,
566 509 625 539 set
658 500 836 540 adultum
870 501 947 540 iam
981 510 1019 540 et
1052 515 1181 554 paene
1213 500 1441 554 puberem?

219 570 329 609 Tum
352 569 530 620 Laelius,
552 585 624 611 nos
646 586 744 611 uero
766 572 964 621 uidemus,
989 581 1026 611 et
1044 581 1082 611 te
1106 572 1268 625 quidem
1291 571 1442 625 ingres-

219 655 306 681 sum
329 642 478 681 ratione
502 642 551 682 ad
585 642 864 695 disputandum
888 658 1005 692 noua,
1040 657 1141 696 quae
1163 657 1358 697 nusquam
1382 651 1443 682 est

218 712 256 751 in
280 712 529 753 Graecorum
563 713 684 753 libris.
748 713 856 753 Nam
890 715 1076 767 princeps
1107 714 1186 762 ille,
1222 727 1300 766 quo
1321 727 1440 753 nemo

217 784 256 823 in
293 784 503 824 scribendo
536 785 797 838 praestantior
832 783 914 833 suit,
949 797 1084 823 aream
1119 784 1189 823 sibi
1223 783 1361 823 sumsit
1401 783 1439 822 in

218 869 296 909 qua
317 856 518 896 ciuitatem
543 864 747 895 extrueret
769 855 954 895 arbitratu
978 869 1075 905 suo3
1104 855 1351 908 praeclaram
1374 854 1439 894 ille

217 927 379 981 quidem
403 927 583 976 fortasse,
617 936 676 966 set
713 941 735 967 a
757 927 836 967 uita
858 927 1061 966 hominum
1097 926 1377 965 abhorrentem
1400 934 1440 965 et

216 1012 239 1037 a
260 998 450 1038 moribus.
515 998 678 1052 Reliqui
706 998 990 1047 disseruerunt,
1023 998 1105 1037 sine
1129 997 1209 1036 ullo
1231 1006 1342 1036 certo
1366 1010 1438 1036 ex-

216 1069 381 1123 emplari
416 1068 623 1123 formaque
658 1069 713 1109 rei
748 1069 947 1123 publicae,
983 1068 1033 1108 de
1069 1068 1281 1122 generibus
1315 1076 1354 1106 et
1386 1066 1437 1106 de

214 1140 430 1180 rationibus
481 1141 700 1180 ciuitatum.
782 1139 847 1179 Tu
891 1140 984 1179 mihi
1036 1139 1184 1179 uideris
1225 1147 1437 1191 utrumque

215 1212 417 1263 facturus3
440 1226 483 1252 es
506 1210 609 1251 enim
626 1213 677 1251 ita
699 1212 913 1264 ingressus,
937 1220 978 1250 ut
1001 1225 1103 1264 quae
1125 1211 1209 1264 ipse
1232 1210 1437 1264 repperias

212 1283 387 1323 tribuere
431 1282 514 1322 aliis
555 1283 682 1333 malis,
717 1296 850 1336 quam,
883 1291 926 1321 ut
967 1280 1061 1321 facit
1098 1290 1191 1335 aput
1223 1279 1436 1320 Platonem

214 1354 417 1404 Socrates,
441 1354 525 1408 ipse
548 1355 726 1408 fingere3
749 1363 789 1394 et
809 1354 873 1394 illa
896 1353 946 1393 de
969 1353 1075 1393 urbis
1098 1353 1171 1393 situ
1194 1366 1362 1392 reuoces
1385 1351 1437 1391 ad

211 1426 418 1475 rationem,
458 1439 560 1479 quae
596 1440 619 1464 a
640 1425 819 1465 Romulo
852 1438 947 1464 casu
971 1433 1036 1464 aut
1069 1424 1306 1464 necessitate
1330 1422 1435 1462 sacta

211 1505 327 1548 sunt3
361 1505 400 1535 et
422 1496 599 1549 disputes
620 1510 699 1535 non
721 1495 879 1549 uaganti
914 1495 1106 1543 oratione,
1144 1495 1212 1534 sed
1239 1494 1371 1533 defixa
1395 1493 1433 1532 in

211 1581 288 1607 una
310 1581 352 1607 re
386 1567 560 1621 publica.
624 1565 763 1613 Quare
790 1580 928 1619 perge,
964 1575 1003 1604 ut
1026 1565 1248 1605 instituisti:
1279 1565 1433 1619 prospi-

210 1652 304 1678 cere
327 1638 433 1678 enim
456 1638 533 1677 iam
556 1637 696 1677 uideor
718 1646 756 1676 te
779 1637 952 1690 reliquos
984 1650 1100 1690 reges
1121 1645 1431 1690 persequentem

211 1711 320 1764 quasi
343 1709 565 1764 perfectam
587 1724 672 1749 rem
695 1709 909 1763 publicam.

267 1780 363 1821 XII.
398 1780 524 1834 Ergo,
547 1781 671 1835 inquit
694 1780 844 1834 Scipio,
869 1794 959 1820 cum
983 1780 1046 1819 ille
1070 1779 1234 1820 Romuli
1257 1790 1429 1830 senatus,

208 1853 273 1906 qui
297 1852 506 1892 constabat
538 1867 590 1893 ex
613 1853 882 1907 optimatibus,
916 1852 1057 1906 quibus
1079 1853 1163 1907 ipse
1186 1866 1258 1893 rex
1281 1862 1432 1892 tantum

205 1923 419 1973 tribuisset,
454 1933 496 1963 ut
518 1938 587 1963 eos
609 1933 741 1977 patres
775 1924 898 1964 uellet
919 1924 1126 1972 nominari,
1160 1923 1428 1977 patriciosque

206 2008 345 2035 eorum
363 1995 522 2044 liberos,
544 2004 730 2035 temtaret
750 2004 839 2049 post
862 1995 1025 2035 Romuli
1044 1993 1256 2035 excessum
1280 2005 1319 2034 ut
1343 1995 1428 2048 ipse

204 2075 362 2118 gereret
384 2065 467 2105 sine
490 2079 584 2118 rege
607 2080 691 2104 rem
714 2066 927 2119 publicam,
962 2065 1130 2119 populus
1153 2066 1191 2105 id
1216 2080 1290 2105 non
1314 2066 1428 2115 tulit3

205 2136 484 2190 desiderioque
508 2138 672 2177 Romuli
694 2132 986 2192 postea⁸1·egem
1010 2138 1186 2192 flagitare
1205 2153 1281 2178 non
1306 2138 1425 2178 desti-

203 2207 272 2247 tit:
307 2222 400 2247 cum
422 2208 638 2262 prudenter
671 2209 724 2248 illi
746 2210 945 2263 principes
980 2224 1125 2249 nouam
1148 2220 1184 2248 et
1208 2210 1424 2249 inauditam

203 2278 347 2319 ceteris
369 2279 551 2333 gentibus
574 2280 787 2334 interregni
809 2281 970 2321 ineundi
1004 2281 1197 2322 rationem
1221 2279 1424 2333 excogita-
