1611 2708
177 250 240 295 <20
586 267 647 297 DE
685 266 746 297 RE
784 266 992 298 PVBLICA

175 383 283 414 cunt.
346 373 391 414 Id
416 384 547 415 autem
580 384 720 428 postea
748 389 797 415 ne
821 385 998 417 nostrum
1032 376 1196 431 quidem
1218 375 1400 421 Ennium

176 444 288 498 sugit,
312 446 375 499 qui
401 455 441 485 ut
464 446 597 485 scribit
620 460 722 487 anno
745 448 1073 502 quinquagesimo
1097 463 1178 489 ccc
1202 445 1286 489 sere
1310 460 1400 503 post

176 515 353 556 Romam
387 516 587 556 conditam
622 532 714 557 non.
751 518 1007 559 iunis—-soli
1043 520 1134 560 luna
1176 520 1324 560 obstitit
1359 530 1400 561 et

175 601 256 626 nox
269 610 341 626 —.
403 585 550 640 Adque
573 588 648 628 hac
671 588 709 627 in
732 602 773 628 re
797 598 902 629 tanta
925 590 1026 630 inest
1043 590 1141 630 ratio
1165 590 1296 644 adque
1320 590 1398 631 sol-

176 661 302 710 lertia,
326 669 367 700 ut
390 675 441 700 ex
463 661 539 701 hoc
563 662 641 711 die,
676 676 794 715 quem
819 673 911 716 aput
935 662 1110 703 Ennium
1135 672 1174 703 et
1207 663 1246 702 in
1267 663 1397 703 maxi-

175 732 249 771 mis
274 732 477 772 annalibus
511 733 786 786 consignatum
822 733 1020 783 uidemus,
1056 734 1283 787 superiores
1305 733 1397 773 solis

176 802 424 843 defectiones
446 813 651 858 reputatae
675 804 762 854 sint,
796 819 921 858 usque
945 805 995 845 ad
1017 805 1123 846 illam
1148 818 1250 858 quae
1284 804 1398 844 nonis

177 875 427 927 quinctilibus
470 874 541 914 fuit
582 885 772 928 regnante
809 875 1012 916 Romulo:
1055 876 1197 930 quibus
1232 875 1395 928 quidem

177 944 397 985 Romulum
429 946 603 986 tenebris
638 947 791 986 etiamsi
824 956 961 987 natura
985 947 1033 987 ad
1068 947 1285 986 humanum
1309 947 1396 986 exi-

175 1025 259 1056 tum
294 1016 475 1070 abripuit,
508 1017 631 1058 uirtus
665 1027 798 1058 tamen
830 1018 869 1057 in
901 1018 1058 1058 eaelum
1092 1018 1234 1058 dicitur
1266 1026 1397 1058 sustu—

176 1087 283 1127 lisso.

234 1157 370 1198 XVII.
404 1159 513 1199 Tum
555 1159 737 1209 Tubero,
780 1159 895 1200 uides
935 1174 1001 1210 ne,
1040 1159 1246 1210 Asrieane,
1290 1160 1394 1214 quod

175 1229 294 1282 paulo
317 1240 406 1270 ante
430 1243 547 1271 secus
578 1231 646 1270 tibi
669 1231 893 1280 uidebatur,
917 1231 993 1270 doe
1019 1261 1171 1270 .....

533 1345 766 1375 Desiderantur
789 1346 928 1385 paginae
951 1345 1042 1375 duae.

178 1478 213 1486 ..
233 1478 242 1487 .
261 1478 270 1486 .
295 1448 340 1487 lis
364 1461 466 1501 quae
499 1447 663 1487 uideant
694 1448 832 1487 ceteri.
897 1445 1009 1494 Quid
1040 1460 1159 1500 porro
1183 1457 1247 1487 aut
1280 1461 1394 1501 prae-

174 1518 326 1558 clarum
348 1528 459 1572 putet
481 1519 518 1558 in
542 1519 857 1559 rebushuinanis
880 1518 943 1572 qui
967 1518 1067 1557 haee
1084 1518 1250 1558 deorum
1274 1532 1397 1572 regna

172 1589 455 1643 perspexerit?
489 1600 556 1630 aut
589 1591 831 1639 diuturnum,
856 1590 921 1643 qui
955 1590 1188 1643 cognouerit
1221 1590 1314 1643 quid
1352 1590 1393 1629 sit

174 1660 413 1700 aeternum?
448 1670 514 1700 aut
536 1661 750 1715 gloriosum
786 1661 851 1715 qui
875 1661 1018 1700 uiderit
1041 1674 1159 1713 quarn
1191 1675 1317 1713 parua
1350 1661 1397 1700 sit

173 1739 291 1780 terra,
328 1732 501 1784 primum
537 1732 736 1781 uniuersa,
773 1732 919 1771 deinde
944 1745 991 1770 ea
1035 1745 1125 1784 pars
1160 1731 1244 1770 eius
1280 1745 1398 1785 quam

170 1802 353 1842 homines
376 1802 575 1853 incolant3
609 1817 809 1857 quamque
841 1817 913 1842 nos
936 1802 973 1841 in
997 1801 1143 1855 exigua
1178 1802 1262 1841 eius
1284 1811 1396 1855 parte

172 1873 308 1922 adfixi,
342 1874 520 1926 pluriinis
543 1874 773 1928 ignotissimi
798 1874 994 1927 gentibus,
1033 1887 1240 1926 speremus
1263 1883 1395 1912 tamen

173 1953 350 1984 nostruin
384 1959 530 1984 nomen
566 1946 731 1985 uolitare
769 1955 808 1985 et
839 1945 975 1999 uagari
1008 1943 1230 1984 latissime?
1263 1944 1398 1997 Agros

173 2030 269 2055 uero
313 2024 352 2055 et
383 2016 567 2055 aedificia
609 2025 648 2055 et
689 2016 868 2069 pecudes
903 2025 942 2055 et
975 2016 1199 2055 inmensum
1243 2014 1395 2067 argenti

170 2086 328 2139 pondus
351 2087 482 2140 adque
506 2087 589 2126 auri
617 2087 682 2140 qui
705 2087 808 2126 bona
831 2101 905 2126 nee
930 2096 1069 2140 putare
1092 2100 1167 2126 nec
1192 2085 1396 2139 appellare

170 2158 308 2207 soleat,
345 2159 451 2212 quod
475 2172 611 2198 earum
646 2172 779 2198 reruni
815 2158 997 2198 uideatur
1032 2159 1067 2198 ei
1102 2158 1202 2197 leuis
1225 2156 1389 2206 fructus,

166 2230 335 2281 exiguus
359 2244 465 2280 usus,
490 2231 664 2270 incertus
679 2230 918 2279 dominatus,
944 2244 1065 2284 saepe
1090 2230 1210 2269 etiam
1233 2228 1391 2268 teterri-

168 2315 324 2341 >norum
358 2302 561 2343 hominum
594 2302 773 2344 inmensa
795 2303 1010 2356 possessio.
1075 2300 1211 2350 Quam
1247 2309 1306 2340 est
1328 2298 1392 2339 hic
