<?xml version="1.0" encoding="UTF-8"?>
<!DOCTYPE html PUBLIC "-//W3C//DTD XHTML 1.0 Transitional//EN"
    "http://www.w3.org/TR/xhtml1/DTD/xhtml1-transitional.dtd">
<html xmlns="http://www.w3.org/1999/xhtml" xml:lang="en" lang="en">
 <head>
  <title>
</title>
<meta http-equiv="Content-Type" content="text/html;charset=utf-8" />
  <meta name='ocr-system' content='tesseract 3.04.00' />
  <meta name='ocr-capabilities' content='ocr_page ocr_carea ocr_par ocr_line ocrx_word'/>
</head>
<body>
  <div class='ocr_page' id='page_1' title='image "./derepublica00ciceuoft_0038.png"; bbox 0 0 1611 2708; ppageno 0'>
   <div class='ocr_carea' id='block_1_1' title="bbox 200 170 1008 216">
    <p class='ocr_par' dir='ltr' id='par_1_1' title="bbox 200 170 1008 216">
     <span class='ocr_line' id='line_1_1' title="bbox 200 170 1008 216; baseline 0.002 -2"><span class='ocrx_word' id='word_1_1' title='bbox 200 170 263 214; x_wconf 65' lang='lat'>⁶26</span> <span class='ocrx_word' id='word_1_2' title='bbox 514 175 516 177; x_wconf 82' lang='grc'><strong>’</strong></span> <span class='ocrx_word' id='word_1_3' title='bbox 604 185 665 215; x_wconf 71' lang='lat' dir='ltr'>DE</span> <span class='ocrx_word' id='word_1_4' title='bbox 704 186 764 215; x_wconf 73' lang='lat' dir='ltr'>m:</span> <span class='ocrx_word' id='word_1_5' title='bbox 802 186 1008 216; x_wconf 62' lang='lat' dir='ltr'>PvssLicA</span> 
     </span>
    </p>
   </div>
   <div class='ocr_carea' id='block_1_2' title="bbox 197 293 1428 1205">
    <p class='ocr_par' dir='ltr' id='par_1_2' title="bbox 197 293 1428 1205">
     <span class='ocr_line' id='line_1_2' title="bbox 199 293 1418 347; baseline 0.003 -14"><span class='ocrx_word' id='word_1_6' title='bbox 199 294 299 333; x_wconf 80' lang='lat' dir='ltr'>meis</span> <span class='ocrx_word' id='word_1_7' title='bbox 351 294 548 344; x_wconf 79' lang='lat' dir='ltr'>relictum,</span> <span class='ocrx_word' id='word_1_8' title='bbox 590 293 817 347; x_wconf 82' lang='lat' dir='ltr'>procuratio</span> <span class='ocrx_word' id='word_1_9' title='bbox 861 294 992 347; x_wconf 82' lang='lat' dir='ltr'>adque</span> <span class='ocrx_word' id='word_1_10' title='bbox 1035 294 1319 336; x_wconf 83' lang='lat' dir='ltr'>administratio</span> <span class='ocrx_word' id='word_1_11' title='bbox 1361 297 1418 336; x_wconf 79' lang='lat' dir='ltr'>rei</span> 
     </span>
     <span class='ocr_line' id='line_1_3' title="bbox 199 365 1420 422; baseline 0.003 -18"><span class='ocrx_word' id='word_1_12' title='bbox 199 365 398 419; x_wconf 85' lang='lat' dir='ltr'>publicae,</span> <span class='ocrx_word' id='word_1_13' title='bbox 421 380 499 405; x_wconf 84' lang='lat' dir='ltr'>non</span> <span class='ocrx_word' id='word_1_14' title='bbox 521 379 586 404; x_wconf 89' lang='lat' dir='ltr'>me</span> <span class='ocrx_word' id='word_1_15' title='bbox 610 365 839 405; x_wconf 80' lang='lat' dir='ltr'>inertiorem</span> <span class='ocrx_word' id='word_1_16' title='bbox 861 379 950 406; x_wconf 85' lang='lat' dir='ltr'>esse</span> <span class='ocrx_word' id='word_1_17' title='bbox 973 366 1166 406; x_wconf 85' lang='lat' dir='ltr'>confitear</span> <span class='ocrx_word' id='word_1_18' title='bbox 1193 381 1311 421; x_wconf 82' lang='lat' dir='ltr'>quam</span> <span class='ocrx_word' id='word_1_19' title='bbox 1334 370 1420 422; x_wconf 88' lang='lat' dir='ltr'>opi—</span> 
     </span>
     <span class='ocr_line' id='line_1_4' title="bbox 200 433 1420 492; baseline 0.001 -15"><span class='ocrx_word' id='word_1_20' title='bbox 200 437 319 477; x_wconf 86' lang='lat' dir='ltr'>ficem</span> <span class='ocrx_word' id='word_1_21' title='bbox 343 433 600 490; x_wconf 80' lang='lat' dir='ltr'>quemquam,</span> <span class='ocrx_word' id='word_1_22' title='bbox 624 437 654 476; x_wconf 89' lang='lat' dir='ltr'>si</span> <span class='ocrx_word' id='word_1_23' title='bbox 676 437 805 477; x_wconf 89' lang='lat' dir='ltr'>minus</span> <span class='ocrx_word' id='word_1_24' title='bbox 828 437 865 476; x_wconf 90' lang='lat' dir='ltr'>in</span> <span class='ocrx_word' id='word_1_25' title='bbox 898 437 1075 477; x_wconf 82' lang='lat' dir='ltr'>maxima</span> <span class='ocrx_word' id='word_1_26' title='bbox 1103 447 1201 488; x_wconf 84' lang='lat' dir='ltr'>arte,</span> <span class='ocrx_word' id='word_1_27' title='bbox 1225 452 1344 492; x_wconf 84' lang='lat' dir='ltr'>quam</span> <span class='ocrx_word' id='word_1_28' title='bbox 1368 439 1420 478; x_wconf 89' lang='lat' dir='ltr'>illi</span> 
     </span>
     <span class='ocr_line' id='line_1_5' title="bbox 199 507 1422 565; baseline 0.003 -19"><span class='ocrx_word' id='word_1_29' title='bbox 199 508 237 547; x_wconf 86' lang='lat' dir='ltr'>in</span> <span class='ocrx_word' id='word_1_30' title='bbox 279 507 464 557; x_wconf 84' lang='lat' dir='ltr'>minimis,</span> <span class='ocrx_word' id='word_1_31' title='bbox 502 522 650 562; x_wconf 83' lang='lat' dir='ltr'>operae</span> <span class='ocrx_word' id='word_1_32' title='bbox 688 509 1010 562; x_wconf 66' lang='lat' dir='ltr'>consumserim?</span> <span class='ocrx_word' id='word_1_33' title='bbox 1075 509 1148 550; x_wconf 86' lang='lat' dir='ltr'>Set</span> <span class='ocrx_word' id='word_1_34' title='bbox 1188 523 1320 565; x_wconf 90' lang='lat' dir='ltr'>neque</span> <span class='ocrx_word' id='word_1_35' title='bbox 1361 510 1422 550; x_wconf 91' lang='lat' dir='ltr'>his</span> 
     </span>
     <span class='ocr_line' id='line_1_6' title="bbox 199 580 1423 636; baseline 0.002 -18"><span class='ocrx_word' id='word_1_36' title='bbox 199 587 408 619; x_wconf 86' lang='lat' dir='ltr'>contentus</span> <span class='ocrx_word' id='word_1_37' title='bbox 426 594 527 629; x_wconf 85' lang='lat' dir='ltr'>sum,</span> <span class='ocrx_word' id='word_1_38' title='bbox 552 594 654 634; x_wconf 85' lang='lat' dir='ltr'>quae</span> <span class='ocrx_word' id='word_1_39' title='bbox 678 580 728 620; x_wconf 91' lang='lat' dir='ltr'>de</span> <span class='ocrx_word' id='word_1_40' title='bbox 746 581 820 620; x_wconf 82' lang='lat' dir='ltr'>ista</span> <span class='ocrx_word' id='word_1_41' title='bbox 836 581 1124 621; x_wconf 82' lang='lat' dir='ltr'>consultatione</span> <span class='ocrx_word' id='word_1_42' title='bbox 1142 582 1288 636; x_wconf 81' lang='lat' dir='ltr'>scripta</span> <span class='ocrx_word' id='word_1_43' title='bbox 1309 581 1423 622; x_wconf 88' lang='lat' dir='ltr'>nobis</span> 
     </span>
     <span class='ocr_line' id='line_1_7' title="bbox 199 650 1422 709; baseline 0.002 -19"><span class='ocrx_word' id='word_1_44' title='bbox 199 650 343 690; x_wconf 82' lang='lat' dir='ltr'>summi</span> <span class='ocrx_word' id='word_1_45' title='bbox 367 664 419 691; x_wconf 82' lang='lat' dir='ltr'>ex</span> <span class='ocrx_word' id='word_1_46' title='bbox 449 650 623 691; x_wconf 82' lang='lat' dir='ltr'>Graecia</span> <span class='ocrx_word' id='word_1_47' title='bbox 651 651 1010 709; x_wconf 80' lang='lat' dir='ltr'>sapientissimique</span> <span class='ocrx_word' id='word_1_48' title='bbox 1033 652 1215 692; x_wconf 87' lang='lat' dir='ltr'>homines</span> <span class='ocrx_word' id='word_1_49' title='bbox 1248 652 1422 706; x_wconf 86' lang='lat' dir='ltr'>relique-</span> 
     </span>
     <span class='ocr_line' id='line_1_8' title="bbox 199 722 1424 776; baseline 0.001 -15"><span class='ocrx_word' id='word_1_50' title='bbox 199 731 301 771; x_wconf 88' lang='lat' dir='ltr'>runt,</span> <span class='ocrx_word' id='word_1_51' title='bbox 333 735 471 775; x_wconf 77' lang='lat' dir='ltr'>neque</span> <span class='ocrx_word' id='word_1_52' title='bbox 508 736 556 761; x_wconf 83' lang='lat' dir='ltr'>ca</span> <span class='ocrx_word' id='word_1_53' title='bbox 599 736 702 776; x_wconf 83' lang='lat' dir='ltr'>quae</span> <span class='ocrx_word' id='word_1_54' title='bbox 744 722 840 762; x_wconf 90' lang='lat' dir='ltr'>mihi</span> <span class='ocrx_word' id='word_1_55' title='bbox 878 722 1079 772; x_wconf 87' lang='lat' dir='ltr'>uidentur,</span> <span class='ocrx_word' id='word_1_56' title='bbox 1117 722 1316 763; x_wconf 79' lang='lat' dir='ltr'>anteferre</span> <span class='ocrx_word' id='word_1_57' title='bbox 1348 722 1424 762; x_wconf 86' lang='lat' dir='ltr'>illis</span> 
     </span>
     <span class='ocr_line' id='line_1_9' title="bbox 198 792 1424 847; baseline 0.001 -14"><span class='ocrx_word' id='word_1_58' title='bbox 198 794 345 834; x_wconf 79' lang='lat' dir='ltr'>audeo.</span> <span class='ocrx_word' id='word_1_59' title='bbox 408 792 545 841; x_wconf 80' lang='lat' dir='ltr'>Quam</span> <span class='ocrx_word' id='word_1_60' title='bbox 568 793 618 833; x_wconf 87' lang='lat' dir='ltr'>ob</span> <span class='ocrx_word' id='word_1_61' title='bbox 641 807 727 833; x_wconf 84' lang='lat' dir='ltr'>rem</span> <span class='ocrx_word' id='word_1_62' title='bbox 749 802 843 847; x_wconf 90' lang='lat' dir='ltr'>peto</span> <span class='ocrx_word' id='word_1_63' title='bbox 866 807 889 833; x_wconf 82' lang='lat' dir='ltr'>a</span> <span class='ocrx_word' id='word_1_64' title='bbox 906 794 1034 844; x_wconf 86' lang='lat' dir='ltr'>uobis,</span> <span class='ocrx_word' id='word_1_65' title='bbox 1053 803 1095 833; x_wconf 89' lang='lat' dir='ltr'>ut</span> <span class='ocrx_word' id='word_1_66' title='bbox 1117 807 1181 833; x_wconf 89' lang='lat' dir='ltr'>me</span> <span class='ocrx_word' id='word_1_67' title='bbox 1205 794 1262 834; x_wconf 85' lang='lat' dir='ltr'>sic</span> <span class='ocrx_word' id='word_1_68' title='bbox 1285 793 1424 834; x_wconf 79' lang='lat' dir='ltr'>audia-</span> 
     </span>
     <span class='ocr_line' id='line_1_10' title="bbox 198 864 1424 919; baseline 0 -14"><span class='ocrx_word' id='word_1_69' title='bbox 198 866 246 905; x_wconf 71' lang='lat' dir='ltr'>tis</span> <span class='ocrx_word' id='word_1_70' title='bbox 283 878 415 918; x_wconf 87' lang='lat' dir='ltr'>neque</span> <span class='ocrx_word' id='word_1_71' title='bbox 458 874 501 904; x_wconf 90' lang='lat' dir='ltr'>ut</span> <span class='ocrx_word' id='word_1_72' title='bbox 533 864 695 904; x_wconf 87' lang='lat' dir='ltr'>omnino</span> <span class='ocrx_word' id='word_1_73' title='bbox 737 874 947 919; x_wconf 78' lang='lat' dir='ltr'>expertem</span> <span class='ocrx_word' id='word_1_74' title='bbox 990 878 1228 918; x_wconf 80' lang='lat' dir='ltr'>graecarum</span> <span class='ocrx_word' id='word_1_75' title='bbox 1274 879 1424 915; x_wconf 88' lang='lat' dir='ltr'>rerum,</span> 
     </span>
     <span class='ocr_line' id='line_1_11' title="bbox 197 936 1425 991; baseline 0.001 -15"><span class='ocrx_word' id='word_1_76' title='bbox 197 950 328 989; x_wconf 83' lang='lat' dir='ltr'>neque</span> <span class='ocrx_word' id='word_1_77' title='bbox 353 945 394 975; x_wconf 92' lang='lat' dir='ltr'>ut</span> <span class='ocrx_word' id='word_1_78' title='bbox 417 949 485 975; x_wconf 82' lang='lat' dir='ltr'>eas</span> <span class='ocrx_word' id='word_1_79' title='bbox 507 936 649 976; x_wconf 87' lang='lat' dir='ltr'>nostris</span> <span class='ocrx_word' id='word_1_80' title='bbox 671 936 708 976; x_wconf 87' lang='lat' dir='ltr'>in</span> <span class='ocrx_word' id='word_1_81' title='bbox 732 936 808 976; x_wconf 89' lang='lat' dir='ltr'>hoc</span> <span class='ocrx_word' id='word_1_82' title='bbox 831 937 1067 990; x_wconf 85' lang='lat' dir='ltr'>praesertim</span> <span class='ocrx_word' id='word_1_83' title='bbox 1085 950 1234 991; x_wconf 81' lang='lat' dir='ltr'>genere</span> <span class='ocrx_word' id='word_1_84' title='bbox 1258 946 1425 991; x_wconf 83' lang='lat' dir='ltr'>antepo-</span> 
     </span>
     <span class='ocr_line' id='line_1_12' title="bbox 198 1007 1426 1063; baseline 0.001 -16"><span class='ocrx_word' id='word_1_85' title='bbox 198 1016 389 1058; x_wconf 83' lang='lat' dir='ltr'>nentem3</span> <span class='ocrx_word' id='word_1_86' title='bbox 423 1007 495 1047; x_wconf 87' lang='lat' dir='ltr'>sed</span> <span class='ocrx_word' id='word_1_87' title='bbox 518 1016 559 1047; x_wconf 88' lang='lat' dir='ltr'>ut</span> <span class='ocrx_word' id='word_1_88' title='bbox 582 1022 704 1047; x_wconf 90' lang='lat' dir='ltr'>unum</span> <span class='ocrx_word' id='word_1_89' title='bbox 728 1022 749 1047; x_wconf 90' lang='lat' dir='ltr'>e</span> <span class='ocrx_word' id='word_1_90' title='bbox 781 1008 924 1061; x_wconf 81' lang='lat' dir='ltr'>togatis</span> <span class='ocrx_word' id='word_1_91' title='bbox 957 1008 1078 1062; x_wconf 86' lang='lat' dir='ltr'>patris</span> <span class='ocrx_word' id='word_1_92' title='bbox 1111 1009 1316 1063; x_wconf 82' lang='lat' dir='ltr'>diligentia</span> <span class='ocrx_word' id='word_1_93' title='bbox 1346 1022 1426 1048; x_wconf 92' lang='lat' dir='ltr'>non</span> 
     </span>
     <span class='ocr_line' id='line_1_13' title="bbox 199 1079 1428 1134; baseline -0.001 -15"><span class='ocrx_word' id='word_1_94' title='bbox 199 1079 455 1119; x_wconf 77' lang='lat' dir='ltr'>inliberaliter</span> <span class='ocrx_word' id='word_1_95' title='bbox 493 1079 725 1130; x_wconf 86' lang='lat' dir='ltr'>institutum,</span> <span class='ocrx_word' id='word_1_96' title='bbox 749 1080 960 1134; x_wconf 88' lang='lat' dir='ltr'>studioque</span> <span class='ocrx_word' id='word_1_97' title='bbox 997 1080 1177 1120; x_wconf 83' lang='lat' dir='ltr'>discendi</span> <span class='ocrx_word' id='word_1_98' title='bbox 1213 1094 1235 1120; x_wconf 81' lang='lat' dir='ltr'>a</span> <span class='ocrx_word' id='word_1_99' title='bbox 1257 1079 1428 1134; x_wconf 82' lang='lat' dir='ltr'>pueritia</span> 
     </span>
     <span class='ocr_line' id='line_1_14' title="bbox 201 1150 1427 1205; baseline -0.002 -15"><span class='ocrx_word' id='word_1_100' title='bbox 201 1151 424 1200; x_wconf 85' lang='lat' dir='ltr'>incensum,</span> <span class='ocrx_word' id='word_1_101' title='bbox 447 1165 522 1191; x_wconf 86' lang='lat' dir='ltr'>usu</span> <span class='ocrx_word' id='word_1_102' title='bbox 545 1160 679 1190; x_wconf 83' lang='lat' dir='ltr'>tamen</span> <span class='ocrx_word' id='word_1_103' title='bbox 703 1161 742 1190; x_wconf 87' lang='lat' dir='ltr'>et</span> <span class='ocrx_word' id='word_1_104' title='bbox 774 1151 1005 1191; x_wconf 78' lang='lat' dir='ltr'>domesticis</span> <span class='ocrx_word' id='word_1_105' title='bbox 1038 1151 1265 1205; x_wconf 84' lang='lat' dir='ltr'>praeceptis</span> <span class='ocrx_word' id='word_1_106' title='bbox 1301 1150 1427 1191; x_wconf 85' lang='lat' dir='ltr'>multo</span> 
     </span>
    </p>
   </div>
   <div class='ocr_carea' id='block_1_3' title="bbox 200 1217 1086 1275">
    <p class='ocr_par' dir='ltr' id='par_1_3' title="bbox 200 1217 1086 1275">
     <span class='ocr_line' id='line_1_15' title="bbox 200 1217 1086 1275; baseline 0 -14"><span class='ocrx_word' id='word_1_107' title='bbox 200 1222 327 1275; x_wconf 76' lang='lat' dir='ltr'>magis</span> <span class='ocrx_word' id='word_1_108' title='bbox 350 1222 550 1262; x_wconf 78' lang='lat' dir='ltr'>eruditum</span> <span class='ocrx_word' id='word_1_109' title='bbox 575 1236 695 1275; x_wconf 78' lang='lat' dir='ltr'>quam</span> <span class='ocrx_word' id='word_1_110' title='bbox 717 1222 869 1262; x_wconf 85' lang='lat' dir='ltr'>litteris.</span> <span class='ocrx_word' id='word_1_111' title='bbox 1072 1217 1086 1233; x_wconf 45' lang='lat' dir='ltr'><em>f</em></span> 
     </span>
    </p>
   </div>
   <div class='ocr_carea' id='block_1_4' title="bbox 201 1292 1439 2266">
    <p class='ocr_par' dir='ltr' id='par_1_4' title="bbox 201 1292 1439 2266">
     <span class='ocr_line' id='line_1_16' title="bbox 260 1292 1428 1349; baseline 0.001 -16"><span class='ocrx_word' id='word_1_112' title='bbox 260 1292 423 1334; x_wconf 83' lang='lat' dir='ltr'>XXHI.</span> <span class='ocrx_word' id='word_1_113' title='bbox 489 1292 569 1333; x_wconf 89' lang='lat' dir='ltr'>Hic</span> <span class='ocrx_word' id='word_1_114' title='bbox 600 1293 755 1343; x_wconf 84' lang='lat' dir='ltr'>Philus,</span> <span class='ocrx_word' id='word_1_115' title='bbox 793 1308 872 1333; x_wconf 84' lang='lat' dir='ltr'>non</span> <span class='ocrx_word' id='word_1_116' title='bbox 909 1293 1074 1334; x_wconf 83' lang='lat' dir='ltr'>hercule</span> <span class='ocrx_word' id='word_1_117' title='bbox 1112 1293 1250 1348; x_wconf 90' lang='lat' dir='ltr'>inquit,</span> <span class='ocrx_word' id='word_1_118' title='bbox 1275 1294 1428 1349; x_wconf 87' lang='lat' dir='ltr'>Scipio,</span> 
     </span>
     <span class='ocr_line' id='line_1_17' title="bbox 202 1365 1428 1420; baseline -0.001 -15"><span class='ocrx_word' id='word_1_119' title='bbox 202 1365 339 1405; x_wconf 76' lang='lat' dir='ltr'>dubito</span> <span class='ocrx_word' id='word_1_120' title='bbox 363 1365 455 1418; x_wconf 87' lang='lat' dir='ltr'>quin</span> <span class='ocrx_word' id='word_1_121' title='bbox 478 1365 547 1404; x_wconf 85' lang='lat' dir='ltr'>tibi</span> <span class='ocrx_word' id='word_1_122' title='bbox 569 1365 729 1419; x_wconf 77' lang='lat' dir='ltr'>ingenio</span> <span class='ocrx_word' id='word_1_123' title='bbox 751 1366 993 1419; x_wconf 84' lang='lat' dir='ltr'>praestiterit</span> <span class='ocrx_word' id='word_1_124' title='bbox 1016 1380 1149 1415; x_wconf 87' lang='lat' dir='ltr'>nemo,</span> <span class='ocrx_word' id='word_1_125' title='bbox 1168 1381 1240 1405; x_wconf 83' lang='lat' dir='ltr'>usu</span> <span class='ocrx_word' id='word_1_126' title='bbox 1265 1366 1428 1420; x_wconf 88' lang='lat' dir='ltr'>quidem</span> 
     </span>
     <span class='ocr_line' id='line_1_18' title="bbox 201 1435 1430 1492; baseline -0.002 -14"><span class='ocrx_word' id='word_1_127' title='bbox 201 1439 239 1478; x_wconf 90' lang='lat' dir='ltr'>in</span> <span class='ocrx_word' id='word_1_128' title='bbox 262 1452 305 1477; x_wconf 80' lang='lat' dir='ltr'>re</span> <span class='ocrx_word' id='word_1_129' title='bbox 328 1437 489 1492; x_wconf 80' lang='lat' dir='ltr'>publica</span> <span class='ocrx_word' id='word_1_130' title='bbox 510 1450 644 1476; x_wconf 89' lang='lat' dir='ltr'>rerum</span> <span class='ocrx_word' id='word_1_131' title='bbox 667 1437 934 1476; x_wconf 83' lang='lat' dir='ltr'>maximarum</span> <span class='ocrx_word' id='word_1_132' title='bbox 964 1435 1081 1476; x_wconf 83' lang='lat' dir='ltr'>facile</span> <span class='ocrx_word' id='word_1_133' title='bbox 1108 1438 1236 1477; x_wconf 87' lang='lat' dir='ltr'>omnis</span> <span class='ocrx_word' id='word_1_134' title='bbox 1258 1437 1430 1477; x_wconf 87' lang='lat' dir='ltr'>uiceris:</span> 
     </span>
     <span class='ocr_line' id='line_1_19' title="bbox 204 1507 1430 1564; baseline -0.002 -15"><span class='ocrx_word' id='word_1_135' title='bbox 204 1509 346 1564; x_wconf 84' lang='lat' dir='ltr'>quibus</span> <span class='ocrx_word' id='word_1_136' title='bbox 369 1518 503 1549; x_wconf 82' lang='lat' dir='ltr'>autem</span> <span class='ocrx_word' id='word_1_137' title='bbox 526 1508 665 1548; x_wconf 82' lang='lat' dir='ltr'>studiis</span> <span class='ocrx_word' id='word_1_138' title='bbox 687 1522 847 1562; x_wconf 85' lang='lat' dir='ltr'>semper</span> <span class='ocrx_word' id='word_1_139' title='bbox 877 1507 998 1548; x_wconf 86' lang='lat' dir='ltr'>fueris</span> <span class='ocrx_word' id='word_1_140' title='bbox 1029 1518 1228 1548; x_wconf 87' lang='lat' dir='ltr'>tenemus.</span> <span class='ocrx_word' id='word_1_141' title='bbox 1292 1507 1430 1555; x_wconf 80' lang='lat' dir='ltr'>Quam</span> 
     </span>
     <span class='ocr_line' id='line_1_20' title="bbox 203 1578 1431 1634; baseline -0.002 -13"><span class='ocrx_word' id='word_1_142' title='bbox 203 1581 254 1621; x_wconf 88' lang='lat' dir='ltr'>ob</span> <span class='ocrx_word' id='word_1_143' title='bbox 276 1594 363 1621; x_wconf 88' lang='lat' dir='ltr'>rem</span> <span class='ocrx_word' id='word_1_144' title='bbox 387 1580 432 1630; x_wconf 89' lang='lat' dir='ltr'>si,</span> <span class='ocrx_word' id='word_1_145' title='bbox 454 1590 498 1620; x_wconf 84' lang='lat' dir='ltr'>ut</span> <span class='ocrx_word' id='word_1_146' title='bbox 521 1580 620 1620; x_wconf 86' lang='lat' dir='ltr'>dicis</span> <span class='ocrx_word' id='word_1_147' title='bbox 636 1579 819 1634; x_wconf 49' lang='lat' dir='ltr'>‚animum</span> <span class='ocrx_word' id='word_1_148' title='bbox 847 1593 1006 1634; x_wconf 88' lang='lat' dir='ltr'>quoque</span> <span class='ocrx_word' id='word_1_149' title='bbox 1039 1578 1236 1619; x_wconf 83' lang='lat' dir='ltr'>contulisti</span> <span class='ocrx_word' id='word_1_150' title='bbox 1254 1579 1293 1619; x_wconf 89' lang='lat' dir='ltr'>in</span> <span class='ocrx_word' id='word_1_151' title='bbox 1314 1579 1431 1619; x_wconf 85' lang='lat' dir='ltr'>istam</span> 
     </span>
     <span class='ocr_line' id='line_1_21' title="bbox 203 1651 1432 1705; baseline -0.002 -13"><span class='ocrx_word' id='word_1_152' title='bbox 203 1652 400 1692; x_wconf 72' lang='lat' dir='ltr'>rationem</span> <span class='ocrx_word' id='word_1_153' title='bbox 437 1661 477 1691; x_wconf 85' lang='lat' dir='ltr'>et</span> <span class='ocrx_word' id='word_1_154' title='bbox 514 1651 625 1705; x_wconf 82' lang='lat' dir='ltr'>quasi</span> <span class='ocrx_word' id='word_1_155' title='bbox 664 1660 804 1700; x_wconf 86' lang='lat' dir='ltr'>artem,</span> <span class='ocrx_word' id='word_1_156' title='bbox 847 1651 978 1690; x_wconf 81' lang='lat' dir='ltr'>habeo</span> <span class='ocrx_word' id='word_1_157' title='bbox 1015 1651 1234 1690; x_wconf 77' lang='lat' dir='ltr'>maximam</span> <span class='ocrx_word' id='word_1_158' title='bbox 1264 1651 1432 1704; x_wconf 77' lang='lat' dir='ltr'>gratiam</span> 
     </span>
     <span class='ocr_line' id='line_1_22' title="bbox 206 1721 1433 1784; baseline -0.002 -20"><span class='ocrx_word' id='word_1_159' title='bbox 206 1723 350 1764; x_wconf 80' lang='lat' dir='ltr'>Laelio</span> <span class='ocrx_word' id='word_1_160' title='bbox 370 1738 379 1762; x_wconf 89' lang='lat'>:</span> <span class='ocrx_word' id='word_1_161' title='bbox 412 1736 530 1777; x_wconf 86' lang='lat' dir='ltr'>spero</span> <span class='ocrx_word' id='word_1_162' title='bbox 553 1723 659 1762; x_wconf 79' lang='lat' dir='ltr'>enim</span> <span class='ocrx_word' id='word_1_163' title='bbox 682 1722 806 1762; x_wconf 87' lang='lat' dir='ltr'>multo</span> <span class='ocrx_word' id='word_1_164' title='bbox 824 1722 1018 1784; x_wconf 44' lang='lat' dir='ltr'>uberiora&#39;</span> <span class='ocrx_word' id='word_1_165' title='bbox 1032 1721 1116 1762; x_wconf 89' lang='lat' dir='ltr'>fore</span> <span class='ocrx_word' id='word_1_166' title='bbox 1141 1736 1243 1776; x_wconf 83' lang='lat' dir='ltr'>quae</span> <span class='ocrx_word' id='word_1_167' title='bbox 1267 1736 1290 1762; x_wconf 81' lang='lat' dir='ltr'>a</span> <span class='ocrx_word' id='word_1_168' title='bbox 1311 1733 1350 1762; x_wconf 89' lang='lat' dir='ltr'>tc</span> <span class='ocrx_word' id='word_1_169' title='bbox 1374 1722 1433 1762; x_wconf 90' lang='lat' dir='ltr'>di-</span> 
     </span>
     <span class='ocr_line' id='line_1_23' title="bbox 207 1792 1436 1849; baseline -0.002 -13"><span class='ocrx_word' id='word_1_170' title='bbox 207 1806 360 1845; x_wconf 75' lang='lat' dir='ltr'>centur,</span> <span class='ocrx_word' id='word_1_171' title='bbox 381 1809 501 1849; x_wconf 69' lang='lat' dir='ltr'>quam</span> <span class='ocrx_word' id='word_1_172' title='bbox 538 1794 603 1833; x_wconf 77' lang='lat' dir='ltr'>illa</span> <span class='ocrx_word' id='word_1_173' title='bbox 637 1807 739 1847; x_wconf 80' lang='lat' dir='ltr'>quae</span> <span class='ocrx_word' id='word_1_174' title='bbox 764 1807 783 1832; x_wconf 79' lang='lat' dir='ltr'>a</span> <span class='ocrx_word' id='word_1_175' title='bbox 819 1792 989 1833; x_wconf 83' lang='lat' dir='ltr'>Graecis</span> <span class='ocrx_word' id='word_1_176' title='bbox 1026 1792 1140 1832; x_wconf 86' lang='lat' dir='ltr'>nobis</span> <span class='ocrx_word' id='word_1_177' title='bbox 1177 1792 1323 1846; x_wconf 84' lang='lat' dir='ltr'>scripta</span> <span class='ocrx_word' id='word_1_178' title='bbox 1346 1803 1436 1833; x_wconf 83' lang='lat' dir='ltr'>sunt</span> 
     </span>
     <span class='ocr_line' id='line_1_24' title="bbox 207 1864 1435 1919; baseline -0.006 -10"><span class='ocrx_word' id='word_1_179' title='bbox 207 1869 354 1909; x_wconf 81' lang='lat' dir='ltr'>omnia.</span> <span class='ocrx_word' id='word_1_180' title='bbox 418 1866 528 1906; x_wconf 88' lang='lat' dir='ltr'>Tum</span> <span class='ocrx_word' id='word_1_181' title='bbox 566 1865 645 1915; x_wconf 89' lang='lat' dir='ltr'>ille,</span> <span class='ocrx_word' id='word_1_182' title='bbox 684 1879 945 1919; x_wconf 77' lang='lat' dir='ltr'>permagnam</span> <span class='ocrx_word' id='word_1_183' title='bbox 984 1874 1023 1904; x_wconf 87' lang='lat' dir='ltr'>tu</span> <span class='ocrx_word' id='word_1_184' title='bbox 1055 1864 1216 1918; x_wconf 89' lang='lat' dir='ltr'>quidem</span> <span class='ocrx_word' id='word_1_185' title='bbox 1241 1872 1435 1917; x_wconf 83' lang='lat' dir='ltr'>expecta-</span> 
     </span>
     <span class='ocr_line' id='line_1_25' title="bbox 209 1935 1437 1992; baseline -0.005 -13"><span class='ocrx_word' id='word_1_186' title='bbox 209 1941 373 1988; x_wconf 84' lang='lat' dir='ltr'>tionem,</span> <span class='ocrx_word' id='word_1_187' title='bbox 398 1938 504 1992; x_wconf 80' lang='lat' dir='ltr'>quod</span> <span class='ocrx_word' id='word_1_188' title='bbox 527 1951 628 1977; x_wconf 89' lang='lat' dir='ltr'>onus</span> <span class='ocrx_word' id='word_1_189' title='bbox 650 1945 710 1977; x_wconf 89' lang='lat' dir='ltr'>est</span> <span class='ocrx_word' id='word_1_190' title='bbox 732 1936 767 1975; x_wconf 93' lang='lat' dir='ltr'>ei</span> <span class='ocrx_word' id='word_1_191' title='bbox 792 1936 856 1990; x_wconf 92' lang='lat' dir='ltr'>qui</span> <span class='ocrx_word' id='word_1_192' title='bbox 875 1936 1028 1989; x_wconf 79' lang='lat' dir='ltr'>magnis</span> <span class='ocrx_word' id='word_1_193' title='bbox 1048 1935 1097 1975; x_wconf 88' lang='lat' dir='ltr'>de</span> <span class='ocrx_word' id='word_1_194' title='bbox 1117 1935 1236 1974; x_wconf 78' lang='lat' dir='ltr'>rebus</span> <span class='ocrx_word' id='word_1_195' title='bbox 1255 1935 1437 1974; x_wconf 74' lang='lat' dir='ltr'>dicturus</span> 
     </span>
     <span class='ocr_line' id='line_1_26' title="bbox 211 2004 1436 2064; baseline -0.003 -15"><span class='ocrx_word' id='word_1_196' title='bbox 211 2021 270 2051; x_wconf 78' lang='lat' dir='ltr'>est</span> <span class='ocrx_word' id='word_1_197' title='bbox 293 2009 587 2064; x_wconf 72' lang='lat' dir='ltr'>grauissimum,</span> <span class='ocrx_word' id='word_1_198' title='bbox 611 2007 782 2061; x_wconf 86' lang='lat' dir='ltr'>imponis</span> <span class='ocrx_word' id='word_1_199' title='bbox 803 2007 969 2047; x_wconf 87' lang='lat' dir='ltr'>orationi</span> <span class='ocrx_word' id='word_1_200' title='bbox 997 2019 1128 2045; x_wconf 80' lang='lat' dir='ltr'>meae.</span> <span class='ocrx_word' id='word_1_201' title='bbox 1193 2005 1248 2045; x_wconf 92' lang='lat' dir='ltr'>Et</span> <span class='ocrx_word' id='word_1_202' title='bbox 1280 2004 1436 2054; x_wconf 87' lang='lat' dir='ltr'>Philus,</span> 
     </span>
     <span class='ocr_line' id='line_1_27' title="bbox 213 2077 1437 2137; baseline -0.005 -15"><span class='ocrx_word' id='word_1_203' title='bbox 213 2081 395 2137; x_wconf 76' lang='lat' dir='ltr'>quanmis</span> <span class='ocrx_word' id='word_1_204' title='bbox 417 2080 464 2121; x_wconf 77' lang='lat' dir='ltr'>sit</span> <span class='ocrx_word' id='word_1_205' title='bbox 482 2093 640 2133; x_wconf 77' lang='lat' dir='ltr'>magna,</span> <span class='ocrx_word' id='word_1_206' title='bbox 659 2089 793 2118; x_wconf 82' lang='lat' dir='ltr'>tamen</span> <span class='ocrx_word' id='word_1_207' title='bbox 812 2092 901 2117; x_wconf 85' lang='lat' dir='ltr'>eam</span> <span class='ocrx_word' id='word_1_208' title='bbox 919 2078 1072 2127; x_wconf 86' lang='lat' dir='ltr'>uinces,</span> <span class='ocrx_word' id='word_1_209' title='bbox 1091 2086 1131 2116; x_wconf 91' lang='lat' dir='ltr'>ut</span> <span class='ocrx_word' id='word_1_210' title='bbox 1150 2077 1254 2117; x_wconf 82' lang='lat' dir='ltr'>soles</span> <span class='ocrx_word' id='word_1_211' title='bbox 1273 2092 1282 2116; x_wconf 77' lang='lat' dir='ltr'><em>z</em></span> <span class='ocrx_word' id='word_1_212' title='bbox 1304 2090 1437 2131; x_wconf 88' lang='lat' dir='ltr'>neque</span> 
     </span>
     <span class='ocr_line' id='line_1_28' title="bbox 213 2149 1439 2206; baseline -0.002 -15"><span class='ocrx_word' id='word_1_213' title='bbox 213 2154 319 2193; x_wconf 55' lang='lat' dir='ltr'>enim</span> <span class='ocrx_word' id='word_1_214' title='bbox 343 2162 402 2192; x_wconf 81' lang='lat' dir='ltr'>est</span> <span class='ocrx_word' id='word_1_215' title='bbox 424 2151 663 2206; x_wconf 80' lang='lat' dir='ltr'>periculum,</span> <span class='ocrx_word' id='word_1_216' title='bbox 686 2164 736 2190; x_wconf 90' lang='lat' dir='ltr'>ne</span> <span class='ocrx_word' id='word_1_217' title='bbox 759 2159 798 2190; x_wconf 89' lang='lat' dir='ltr'>te</span> <span class='ocrx_word' id='word_1_218' title='bbox 822 2150 872 2190; x_wconf 85' lang='lat' dir='ltr'>de</span> <span class='ocrx_word' id='word_1_219' title='bbox 901 2164 942 2190; x_wconf 86' lang='lat' dir='ltr'>re</span> <span class='ocrx_word' id='word_1_220' title='bbox 977 2149 1140 2205; x_wconf 77' lang='lat' dir='ltr'>publica.</span> <span class='ocrx_word' id='word_1_221' title='bbox 1173 2149 1439 2191; x_wconf 86' lang='lat' dir='ltr'>disserentem-</span> 
     </span>
     <span class='ocr_line' id='line_1_29' title="bbox 215 2224 536 2266; baseline -0.012 0"><span class='ocrx_word' id='word_1_222' title='bbox 215 2225 375 2266; x_wconf 52' lang='lat' dir='ltr'>»inficiat</span> <span class='ocrx_word' id='word_1_223' title='bbox 397 2224 536 2264; x_wconf 79' lang='lat' dir='ltr'>oratio.</span> 
     </span>
    </p>
   </div>
  </div>
 </body>
</html>
