1611 2708
569 234 715 264 Llssmz
754 233 824 264 111.
1231 217 1295 265 95

68 347 162 387 haec
195 351 432 400 argumenta
447 359 460 383 .·
495 343 693 384 Omnibus
726 343 884 398 populis
907 342 973 397 qui
994 338 1197 382 'florerent
1218 342 1293 383 im-

68 419 195 473 perio,
229 427 268 457 et
290 416 487 458 Romanis
525 429 683 469 quoque
706 416 801 469 ipsis
825 416 890 469 qui
926 415 1046 455 totius
1067 415 1173 455 orbis
1195 414 1298 469 poti-

69 500 218 540 rentur,
242 491 273 530 si
295 490 384 529 iusti
407 488 530 528 uelint
552 501 656 537 esse,
689 487 765 527 hoc
789 496 859 546 est)
871 488 902 527 si
925 487 1054 527 aliena
1076 487 1297 536 restituant,

71 563 120 603 ad
156 576 270 603 casas
292 560 684 609 essehredeundum,
708 568 748 599 et
769 560 808 599 in
843 569 1022 613 egestate
1046 573 1093 599 ac
1127 558 1298 599 miseriis

69 633 299 675 iacendum.
363 631 605 673 Lactantius
627 631 721 672 inst.
753 631 808 672 V.
838 633 903 673 16.
921 631 947 654 ’κ
963 631 989 655 ÷÷

74 739 83 747 .
105 738 114 746 .
137 738 146 747 .
168 737 177 747 .
201 715 360 761 praeter
395 706 578 746 Arcadas
601 714 640 745 et
671 704 943 754 Atheniensis,
972 704 1052 757 qui,
1088 703 1226 753 credo,
1250 704 1299 743 ti-

71 788 227 819 mentes
249 779 326 818 hoe
364 778 619 818 interdictum
642 777 812 817 iustitiae
835 791 886 816 ne
909 776 1070 830 quando
1093 776 1299 824 existeret,

70 850 288 891 commenti
323 858 413 889 sunt
450 863 492 889 se
532 849 582 889 de
611 857 732 898 terra,
764 857 968 902 tamquam
1003 847 1076 887 hos
1109 860 1161 887 ex
1195 846 1300 887 aruis

70 921 287 971 musculos,
311 921 506 960 extitisse.

129 991 245 1033 XVI.
280 992 347 1032 Ad
381 992 484 1032 haec
506 991 572 1031 illa
604 992 682 1032 dici
718 992 846 1032 solent
866 992 1040 1046 primum
1079 990 1127 1030 ab
1150 990 1210 1040 iis,
1235 990 1301 1044 qui

70 1063 234 1103 minime
258 1072 347 1103 sunt
368 1063 407 1102 in
439 1063 675 1103 disserendo
698 1063 818 1114 mali3
852 1063 918 1117 qui
940 1063 979 1102 in
1001 1062 1077 1102 hac
1106 1076 1229 1102 causa
1251 1075 1301 1101 eo

70 1134 159 1189 plus
182 1134 425 1174 auctoritatis
446 1134 608 1184 habent,
633 1135 725 1188 quia
747 1149 840 1175 cum
864 1134 914 1174 de
937 1134 1023 1174 uiro
1045 1134 1151 1173 bono
1175 1147 1300 1187 quae-

70 1207 180 1256 ritur,
205 1220 325 1260 quem
340 1216 523 1260 apertum
546 1216 586 1246 et
603 1206 827 1261 simplicem
844 1206 1030 1246 uolumus
1053 1219 1156 1255 esse,
1181 1208 1206 1226 ‘⁶
1222 1218 1301 1244 non

72 1287 161 1318 sunt
194 1278 233 1317 in
270 1278 510 1332 disputando
543 1277 658 1327 uafri,
693 1292 771 1318 non
806 1286 1069 1326 ueteratores‚
1104 1291 1183 1316 non
1216 1290 1302 1316 ma-

71 1349 232 1390 litiosi.”

295 1349 458 1404 Negant
481 1351 601 1400 enim,
625 1351 849 1404 sapientem
871 1350 911 1389 id
944 1350 1053 1390 circo
1076 1350 1207 1389 uirum
1229 1348 1302 1389 bo-

68 1436 165 1461 num
199 1435 287 1462 esse
312 1422 419 1475 quod
453 1436 546 1463 eum
569 1436 640 1462 sua
663 1431 804 1476 sponte
843 1436 889 1461 ac
912 1435 984 1475 per
1019 1435 1061 1461 se
1083 1421 1240 1460 bonitas
1263 1429 1304 1460 et

71 1493 216 1533 iustitia
239 1493 445 1544 delectet3
477 1493 549 1533 sed
573 1493 680 1548 quod
704 1507 834 1533 uacua
855 1501 980 1542 metu,
1011 1506 1122 1542 cura,
1156 1491 1304 1532 sollici-

70 1565 222 1614 tudine,
260 1565 455 1619 periculo,
491 1566 572 1605 uita
606 1565 803 1605 bonorum
840 1565 1017 1604 uirorum
1050 1565 1098 1604 sit
1117 1579 1127 1603 :
1163 1572 1304 1604 contra

72 1646 207 1676 autem
230 1636 420 1690 improbis
443 1651 603 1690 semper
627 1637 768 1690 aliquis
791 1650 958 1689 scrupus
981 1636 1019 1675 in
1043 1636 1184 1675 animis
1206 1635 1303 1675 hae-
1357 1657 1361 1660 ·

73 1716 172 1756 reat,
207 1721 368 1760 semper
390 1707 436 1747 iis
459 1717 549 1748 ante
582 1707 720 1747 oculos
753 1707 901 1747 iudicia
923 1716 962 1746 et
994 1706 1189 1761 supplicia
1211 1720 1304 1746 uer-

74 1788 222 1818 sentur.
287 1779 454 1819 Nullum
490 1789 624 1819 autem
653 1778 975 1820 emolumentum
1014 1792 1118 1829 esse,
1151 1778 1304 1818 nullum

73 1850 260 1890 iniustitia
281 1862 438 1905 partum
460 1854 685 1907 praemium
707 1862 875 1903 tantum,
899 1866 1060 1906 semper
1082 1860 1125 1891 ut
1145 1852 1303 1901 timeas,

74 1935 234 1976 semper
256 1932 298 1963 ut
321 1924 478 1974 adesse,
502 1939 663 1979 semper
685 1934 728 1965 ut
749 1923 985 1980 impendere
1010 1924 1183 1978 aliquam
1205 1936 1303 1978 poe-

72 2007 167 2056 pam
189 2003 318 2047 putes,
343 1995 490 2037 damna
514 2027 669 2037 .....

122 2109 355 2141 Desiderantur
377 2112 516 2152 paginae
539 2123 642 2152 neque
665 2114 735 2152 plus
759 2119 831 2144 octo
854 2123 957 2154 neque
979 2114 1082 2144 minus
1107 2118 1252 2151 quatuor.

133 2211 270 2253 XVII.
305 2212 486 2265 Quaem,
521 2217 551 2256 si
575 2216 655 2257 duo
678 2218 766 2267 sint,
807 2230 976 2271 quorum
1012 2216 1110 2256 alter
1130 2214 1305 2268 optimus

77 2284 150 2335 uir,
174 2286 465 2340 aequissimus,
501 2294 657 2330 summa
689 2289 848 2340 iustitia,
886 2288 1074 2344 singulari
1107 2288 1216 2339 fide;
1248 2286 1304 2329 al-
