1611 2708
657 272 805 304 Lmen
843 272 913 303 111.
1287 257 1377 305 109

220 381 437 438 Sequentes
452 380 678 437 Augustini
694 381 798 422 locos
813 380 961 421 idcirco
978 380 1022 421 in
1038 379 1137 420 serie
1151 394 1231 420 non
1241 381 1379 435 posui,

162 454 260 509 quia
281 454 324 494 in
345 453 406 494 his
427 452 534 493 solus
567 452 748 507 loquitur
779 452 1051 507 Augustinus.
1114 450 1288 492 Eosdem
1323 458 1383 492 ta-

162 540 248 566 men
269 525 353 566 heic
374 532 546 565 attexere
564 523 694 573 iuuat,
718 523 815 578 quia
837 522 980 562 habent
996 522 1246 563 interstincta
1271 522 1384 564 Cice-

163 596 274 636 ronis
307 595 354 635 de
388 609 473 649 rep.
497 595 749 650 fragmenta,
784 608 1016 648 cursumque
1050 593 1162 634 illius
1191 593 1386 634 orationis

163 666 447 715 demonstrant,
467 680 546 720 qua
565 665 703 720 Scipio
726 659 884 705 itertium
905 664 1049 705 librum
1064 664 1267 706 conclusit.

222 737 248 760 ἦ
268 737 292 760 ⁹⁶
311 736 536 777 XXXVII.
585 737 726 777 Enitar
748 751 819 777 suo
836 737 940 786 loco,
956 746 998 776 ut
1014 738 1222 778 ostendam
1241 751 1386 778 secun-

166 808 262 848 dum
286 808 540 848 definitiones
562 809 684 863 ipsius
717 807 943 857 Ciceronis,
968 808 1110 862 quibus
1133 809 1227 862 quid
1257 809 1306 849 sit
1326 823 1391 849 res

166 880 340 933 publica,
363 888 403 919 et
436 880 531 933 quid
566 880 613 920 sit
646 880 830 934 populus,
853 879 1040 933 loquente
1070 879 1274 933 Scipione,
1297 880 1389 920 bre-

166 950 268 989 uiter
304 951 464 1004 posuit;
497 950 784 990 adtestantibus
818 950 937 990 etiam
970 950 1115 1000 multis,
1147 951 1231 991 siue
1268 951 1391 1005 ipsius

167 1021 253 1062 siue
288 1035 428 1061 eorum
468 1035 566 1075 quos
600 1022 708 1075 loqui
742 1020 837 1061 fecit
870 1021 907 1060 in
946 1021 1090 1060 eadem
1126 1021 1393 1075 disputatione

168 1092 401 1142 sententiis;
431 1107 649 1146 numquam
670 1093 778 1132 illam
802 1091 921 1132 fuisse
950 1106 1037 1132 rem
1059 1093 1276 1147 publicam,
1300 1093 1392 1148 quia

169 1176 387 1216 numquam
409 1163 447 1203 in
469 1177 518 1203 ea
540 1163 611 1203 fuit
633 1178 728 1203 uera
762 1164 923 1203 iustitia.
988 1164 1223 1204 Secundum
1246 1165 1391 1218 proba-

168 1233 330 1273 biliores
366 1243 499 1274 autem
535 1234 786 1274 definitiones
808 1249 879 1287 pro
903 1248 974 1274 suo
996 1248 1107 1274 more
1132 1235 1306 1289 quodam
1329 1248 1394 1275 res

169 1305 331 1359 publica
377 1304 475 1345 fuit:
521 1314 559 1345 et
601 1305 743 1345 melius
788 1305 836 1345 ab
870 1305 1155 1359 antiquioribus
1197 1305 1394 1346 Romanis

171 1390 291 1430 quam
318 1391 342 1416 a
373 1376 658 1430 posterioribus
695 1376 967 1416 administrata
1000 1386 1073 1416 est.
1135 1375 1394 1432 Augustinus

180 1445 230 1488 C.
254 1446 314 1487 D.
348 1445 407 1486 II.
430 1450 501 1486 21.
527 1447 553 1470 ’Ἀ
577 1446 602 1471 ⁴⁶

231 1517 257 1541 κ
281 1517 307 1541 '²⁶
330 1517 451 1557 Nunc
474 1527 534 1556 est
555 1517 680 1566 locus,
703 1526 745 1557 ut
767 1530 885 1570 quam
907 1526 1047 1571 potero
1067 1517 1244 1558 breuiter
1266 1532 1313 1558 ac
1337 1518 1396 1558 di-

172 1588 308 1629 lucide
326 1588 557 1642 expediam,
581 1588 686 1642 quod
710 1588 748 1627 in
771 1588 952 1627 secundo
974 1588 1090 1628 huius
1126 1589 1260 1642 operis
1293 1589 1394 1629 libro

172 1674 238 1700 me
269 1659 630 1699 demonstraturum
668 1672 756 1698 esse
792 1659 969 1712 promisi,
993 1659 1217 1699 secundum
1254 1660 1397 1700 defini-

173 1731 315 1780 tiones,
339 1731 481 1784 quibus
518 1730 624 1784 apud
657 1729 901 1770 Ciceronem
924 1730 1043 1769 utitur
1068 1730 1205 1784 Scipio
1227 1732 1265 1771 in
1288 1732 1396 1772 libris

175 1802 227 1842 de
249 1815 292 1841 re
315 1802 488 1855 publica,
511 1815 728 1855 numquam
767 1815 851 1840 rem
886 1801 1088 1855 publicam
1119 1801 1239 1842 fuisse
1262 1817 1395 1843 roma-

174 1886 283 1912 nam.
298 1896 357 1902 ——
371 1871 560 1911 Breuiter
582 1872 687 1912 enim
710 1887 795 1912 rem
818 1873 1019 1926 publicam
1039 1873 1177 1913 definit
1205 1888 1293 1915 esse
1309 1889 1394 1915 rem

174 1944 310 1998 populi
345 1950 414 1983 etc.
450 1943 642 1996 populum
677 1957 765 1982 esse
803 1954 964 1983 coetum
999 1944 1271 1995 multitudinis,
1302 1946 1396 1986 iuris

175 2029 373 2055 consensu
411 2023 452 2054 et
487 2015 661 2054 utilitatis
695 2015 976 2054 commuuione
1011 2016 1220 2056 sociatum.
1284 2016 1397 2065 Quid

178 2095 311 2126 autem
346 2086 453 2125 dicat
488 2085 582 2125 iuris
619 2100 874 2136 consensum,
917 2087 1157 2141 disputando
1192 2089 1398 2143 explicat3

176 2171 248 2211 per
277 2157 354 2196 hoc
380 2157 595 2197 ostendens
629 2158 712 2211 geri
747 2158 830 2198 sine
866 2158 1010 2198 iustitia
1043 2173 1120 2199 non
1158 2174 1275 2213 posse
1309 2175 1395 2202 rem

175 2227 400 2283 publicam:
422 2228 487 2267 ubi
506 2242 600 2281 ergo
622 2228 767 2268 iustitia
784 2243 880 2268 uera
902 2243 980 2268 non
1003 2238 1075 2279 est,
1090 2244 1165 2270 nec
1184 2230 1243 2271 ius
1263 2241 1395 2285 potest

177 2313 281 2340 esse.
344 2298 469 2348 Quod
492 2299 596 2340 enim
618 2298 704 2340 iure
726 2300 782 2350 fit,
803 2299 986 2355 profecto
1014 2301 1116 2343 iuste
1150 2303 1206 2343 fit.
1269 2302 1393 2353 Quod

590 2373 642 2412 10

1128 2408 1169 2423 ”N
