1611 2708
651 239 798 272 LlssER
836 240 867 271 1.
1312 226 1380 272 43

145 363 185 395 et
216 354 370 407 priuata
408 352 551 392 domus
583 352 712 392 omnis
749 360 868 392 uacet
905 349 1205 401 dominatione3
1237 359 1278 390 et
1299 350 1377 391 hoc

144 427 303 467 malum
317 439 443 479 usque
468 424 518 464 ad
539 424 688 464 bestias
710 424 933 478 perueniat.
988 423 1178 477 Denique
1202 432 1244 463 ut
1263 432 1379 477 pater

145 498 269 538 filium
310 505 489 546 metuat3
522 495 624 534 filius
660 504 816 549 patrem
859 495 1075 549 neglegat:
1109 495 1211 535 absit
1251 495 1381 535 omnis

144 569 288 623 pudor,
311 577 353 608 ut
374 568 491 622 plane
514 567 627 608 liberi
665 567 741 607 sint
765 582 774 606 ε
806 567 902 607 nihil
939 567 1091 608 intersit
1119 568 1217 608 ciuis
1251 568 1300 608 sit
1330 583 1379 608 an

143 640 378 695 peregrinus
399 655 409 679 ε
442 640 631 694 magister
654 649 695 680 ut
718 639 934 694 discipulos
965 648 1118 679 metuat
1139 650 1179 680 et
1200 640 1247 681 iis
1267 640 1381 681 blan-

145 712 288 763 diatur,
312 721 581 767 spernantque
606 711 801 766 discipuli
824 711 1062 766 magistros:
1095 711 1380 753 adulescentes

144 793 187 824 ut
208 798 349 825 senum
383 784 454 824 sibi
486 785 643 838 pondus
677 783 902 833 adsumant,
926 796 1044 823 senes
1068 791 1202 822 autem
1236 783 1285 822 ad
1318 783 1379 822 lu-

145 855 241 895 dum
277 855 597 895 adulescentium
633 855 884 895 descendant
904 869 955 895 ne
991 854 1067 894 sint
1100 854 1146 894 iis
1180 854 1307 894 odiosi
1342 864 1381 895 et

144 941 303 981 graues.
368 927 437 968 Ex
460 941 539 982 quo
561 927 604 967 fit
625 936 667 967 ut
689 927 809 967 etiam
832 927 938 966 serui
961 940 1003 966 se
1026 925 1189 966 liberius
1211 935 1351 980 gerant
1369 940 1381 977 ;

143 1013 293 1040 uxores
315 999 462 1039 eodem
484 999 569 1039 iure
582 993 668 1039 'sint
690 1013 769 1053 quo
791 998 879 1038 uiri.
933 997 1045 1046 Quin
1066 1007 1175 1038 tanta
1196 998 1380 1038 libertate

145 1085 268 1111 canes
305 1070 426 1111 etiam
463 1080 503 1111 et
539 1071 646 1125 equi,
681 1070 791 1110 aselli
830 1069 1019 1124 denique,
1052 1069 1166 1109 liberi
1201 1069 1289 1119 sint,
1323 1069 1381 1110 sic

146 1143 348 1184 incurrant
369 1146 394 1165 “
410 1153 453 1183 ut
474 1143 506 1183 is
530 1143 580 1183 de
603 1143 668 1182 uia
692 1142 1005 1182 decendendum
1033 1141 1124 1182 sit.'’

1188 1140 1301 1196 Ergo
1325 1156 1378 1182 ex

144 1215 221 1255 hac
244 1215 408 1265 infinita,
430 1215 569 1269 inquit,
587 1215 748 1255 licentia
770 1214 872 1254 llaec
892 1228 1049 1253 summa
1072 1214 1240 1267 cogitur,
1263 1224 1306 1255 ut
1327 1215 1382 1256 ita

146 1286 376 1328 fastidiosae
413 1287 637 1340 mollesque
675 1296 830 1326 mentes
870 1286 1045 1326 cuadant
1087 1287 1250 1337 ciuium,
1274 1296 1316 1327 ut
1348 1287 1380 1328 si

145 1360 310 1400 minima
332 1360 390 1400 uis
426 1360 662 1399 adhibeatur
699 1359 869 1413 imperii,
893 1359 1115 1399 irascantur
1138 1369 1178 1399 et
1198 1359 1381 1414 perferre

144 1441 347 1486 nequeant
367 1446 375 1470 ε
409 1445 461 1471 ex
485 1445 563 1485 quo
585 1431 697 1484 leges
719 1443 880 1484 quoque
914 1430 1108 1484 incipiunt
1143 1431 1378 1486 neglegere,

144 1512 187 1543 ut
206 1503 326 1557 plane
349 1503 433 1543 sine
455 1502 536 1543 ullo
558 1502 721 1542 domino
743 1502 832 1542 sint.

203 1574 362 1616 XLIV.
414 1575 525 1616 Tum
567 1574 746 1626 Laelius,
784 1588 962 1630 prorsus,
997 1576 1150 1631 inquid,
1185 1591 1381 1632 expressa

146 1657 236 1689 sunt
258 1663 281 1688 a
300 1657 340 1688 te
360 1662 463 1703 quae
482 1648 589 1688 dicta
611 1657 701 1688 sunt
724 1647 772 1687 ab
790 1647 871 1688 illo.
938 1646 984 1688 S.
1017 1648 1154 1703 Atque
1174 1658 1216 1689 ut
1232 1649 1312 1690 iam
1329 1649 1381 1691 ad

146 1720 341 1760 sermonis
362 1720 443 1759 mei
465 1733 621 1760 morem
642 1730 850 1760 reuertar:
884 1733 936 1760 ex
958 1720 1035 1762 hac
1057 1721 1181 1761 nimia
1202 1721 1380 1773 licentia,

147 1805 268 1846 quam
309 1790 364 1831 illi
405 1791 531 1831 solam
572 1792 798 1832 libertatem
840 1800 1041 1845 putarent,
1069 1792 1123 1832 ait
1158 1792 1239 1843 ille,
1271 1803 1314 1834 ut
1357 1808 1379 1834 e

146 1863 267 1917 stirpe
286 1863 461 1917 quadam
479 1863 654 1904 existere
673 1872 713 1904 et
736 1864 847 1918 quasi
864 1865 974 1904 nasci
993 1873 1221 1918 tyrannum.
1270 1865 1380 1907 Nam

146 1944 189 1975 ut
211 1949 264 1975 ex
285 1935 408 1975 nimia
429 1935 607 1989 potentia
628 1936 870 1990 principum,
893 1936 1016 1976 oritur
1052 1936 1234 1977 interitus
1271 1938 1381 1992 prin-

148 2007 297 2060 cipum,
319 2007 376 2047 sic
410 2007 518 2047 hunc
551 2007 669 2047 nimis
702 2007 873 2047 liberum
894 2007 1086 2062 populum
1111 2007 1272 2049 libertas
1293 2009 1382 2063 ipsa

148 2077 340 2118 seruitute
364 2079 513 2120 adficit.
579 2079 648 2119 Sic
671 2080 805 2119 omnia
840 2079 976 2130 nimia,
996 2094 1088 2119 cum
1111 2081 1178 2120 uel
1215 2080 1254 2120 in
1275 2090 1344 2121 ten
1363 2103 1379 2110 -

147 2158 304 2203 pestate
333 2149 400 2190 uel
420 2151 460 2191 in
483 2150 586 2205 agris
608 2151 675 2191 uel
696 2151 736 2191 in
758 2152 994 2206 corporibus
1015 2151 1183 2192 laetiora
1205 2150 1379 2202 suerunt5

148 2220 187 2261 in
209 2222 409 2262 contraria
442 2221 526 2262 sere
561 2232 865 2274 conuertuntur,
887 2224 1149 2278 maximeque
1183 2224 1223 2263 in
1257 2224 1380 2265 rebus

149 2293 320 2347 publicis
354 2294 517 2336 euenit:
548 2287 751 2350 nimiaque
785 2295 852 2337 illa
880 2295 1042 2337 libertas
1077 2305 1117 2337 et
1146 2295 1305 2352 populis
1340 2306 1381 2337 et
