1611 2708
170 232 259 278 1530
574 249 636 279 DE
675 249 737 279 ne
776 249 984 278 r’vssch

163 373 215 413 pe
240 373 338 413 quos
362 369 400 398 et
431 359 576 412 legisse
599 358 706 408 talia,
745 368 783 398 et
807 358 855 398 ad
891 359 1271 412 reprehendendum
1309 360 1392 398 ani-

164 441 292 470 matos
328 440 541 470 constaret.
605 430 803 470 Dicemus
838 430 954 483 igitur
977 440 1014 470 et
1049 445 1147 484 quos
1180 430 1392 469 intantum

164 503 445 557 philosophum
488 501 635 542 referat
679 503 878 556 quandam
921 516 1116 541 censurae
1161 501 1392 541 exercuisse

166 575 384 623 leuitatem,
425 574 592 628 quisque
629 588 768 614 eorum
804 575 924 614 etiam
963 575 1150 628 scriptam
1189 573 1393 627 reliquerit

167 646 465 685 accusationem
501 652 571 685 etc.
635 645 931 699 Epicureorum
974 655 1055 685 tota
1098 644 1218 685 factio
1239 635 1241 637 ¹
1266 658 1394 698 aequo

169 731 328 770 semper
352 731 485 757 errore
511 732 533 757 a
555 732 653 756 uero
688 717 821 767 deuia,
846 726 882 756 ct
906 717 971 756 illa
1008 716 1240 756 existimans
1263 715 1396 755 riden-

169 789 220 828 da
243 803 345 842 quae
369 788 535 838 nesciat,
560 803 718 828 sacrum
737 789 926 828 uolumen
950 798 988 828 et
1012 787 1289 842 augustissima
1313 786 1397 826 irri-

169 861 217 901 sit
251 870 416 901 naturae
443 862 560 900 seria.
625 860 792 900 Colotes
815 875 912 900 uero
945 860 1046 899 inter
1081 859 1249 913 Epicuri
1286 858 1398 898 audi-

170 943 276 972 tores
316 932 502 972 famosior
526 942 565 972 ct
599 932 839 986 loquacitate
875 931 1098 980 notabilior,
1134 931 1254 970 etiam
1277 930 1314 970 in
1353 929 1398 968 li-

172 1004 285 1043 brum
309 1004 439 1043 retulit
464 1018 566 1057 quae
598 1004 648 1043 de
671 1004 746 1043 1100
772 1003 944 1043 amarius
976 1002 1249 1056 reprehendit.
1315 1001 1399 1041 Sed

171 1085 321 1125 cetera,
346 1090 448 1129 qnae
472 1075 611 1114 iniuria
630 1075 794 1124 notauit,
819 1075 1015 1128 siquidem
1040 1074 1089 1113 ad
1114 1073 1327 1122 somnium,
1351 1073 1401 1112 de

174 1161 251 1200 quo
273 1146 338 1186 hic
370 1147 555 1200 procedit
577 1160 724 1196 sermo,
762 1160 841 1185 non
865 1146 1042 1194 attinent,
1077 1145 1155 1184 1100
1178 1144 1268 1184 1000
1290 1144 1403 1184 nobis

172 1218 389 1257 omittenda
415 1226 531 1257 sunt:
566 1217 672 1256 illam
696 1217 937 1256 calumniam
971 1230 1277 1270 persequemur,
1302 1229 1403 1270 quae

172 1289 243 1329 nisi
269 1289 545 1343 supplodatur,
569 1289 746 1328 manebit
769 1287 959 1328 Ciceroni
983 1301 1076 1328 cum
1100 1287 1269 1327 Platone
1293 1300 1404 1327 eom-

174 1363 318 1403 munis.
382 1363 451 1402 Ait
474 1377 495 1402 a
517 1362 756 1416 philosopho
775 1361 950 1401 fabulam
966 1376 1043 1401 non
1063 1361 1285 1416 oportuisse
1309 1375 1404 1401 con-

175 1435 266 1487 fingi
287 1449 295 1473 :
329 1435 516 1488 quoniam
540 1434 691 1473 nullum
714 1434 892 1487 figmenti
911 1448 1038 1488 genus
1062 1434 1145 1474 ueri
1168 1432 1404 1487 professori-

177 1506 249 1545 bus
264 1506 513 1546 conueniret.
560 1504 646 1544 Cur
665 1505 786 1554 enim,
809 1505 949 1558 inquit,
973 1505 1004 1545 si
1022 1519 1155 1544 rerum
1171 1505 1403 1544 caelestium

176 1578 393 1627 notionem,
433 1577 463 1616 si
486 1577 663 1615 habitum
699 1590 771 1616 nos
801 1576 1023 1615 animarum
1060 1577 1209 1615 doecre
1233 1575 1406 1625 uoluisti,

178 1665 253 1689 non
278 1649 445 1702 simplici
469 1658 508 1688 ct
531 1649 711 1688 absoluta
733 1648 809 1687 1100
834 1648 1095 1687 insinuatione
1119 1656 1303 1686 curatum
1334 1656 1407 1696 est,

178 1722 250 1761 scd
275 1720 454 1775 quaesita
481 1734 651 1774 persona
690 1734 888 1773 casusque
913 1720 1140 1772 excogitata
1177 1718 1346 1768 nouitas,
1371 1727 1408 1757 et

179 1793 401 1847 composita
439 1791 625 1831 aduocati
665 1805 787 1831 scena
810 1791 1002 1844 figmenti,
1039 1791 1165 1844 ipsam
1190 1789 1408 1844 quaerendi

182 1865 264 1905 ueri
299 1864 458 1903 ianuam
482 1863 696 1902 mendacio
730 1861 991 1916 polluerunt?
1055 1861 1173 1901 Haec
1207 1861 1408 1915 quoniam,

181 1951 273 1977 cum
297 1936 348 1975 de
376 1935 576 1989 platonico
599 1934 683 1974 Ere
717 1934 926 1983 iactantur,
960 1933 1079 1973 etiam
1103 1933 1279 1987 quietem
1302 1931 1410 1972 Afri-

182 2008 268 2049 cani
293 2007 413 2047 nostri
432 2007 662 2046 somniantis
680 2006 863 2046 incusant
885 2016 964 2046 etc.
1018 2003 1129 2045 Idem
1150 2020 1238 2060 cap.
1263 2003 1323 2044 II.
1343 2005 1366 2027 ᾗ
1385 2004 1408 2028 *³

242 2078 438 2118 ssvlll.
475 2078 707 2132 Scipionem
742 2078 844 2118 haec
877 2079 1038 2118 occasio
1081 2077 1131 2118 ad
1168 2077 1410 2117 narrandum

184 2151 381 2191 somnium
403 2150 653 2204 prouocauit,
688 2150 795 2203 quod
818 2149 937 2203 longo
959 2160 1141 2204 tempore
1180 2163 1222 2189 se
1245 2157 1412 2189 testatus

185 2232 245 2263 est
267 2221 421 2261 silentio
454 2221 696 2262 condidisse.
762 2220 869 2261 Cum
893 2222 998 2261 enim
1032 2221 1197 2262 Laelius
1220 2234 1410 2275 querere-

184 2303 246 2334 tur
267 2294 393 2335 nullas
427 2292 604 2334 Nasicae
628 2303 776 2334 statuas
798 2294 837 2334 in
870 2294 1033 2349 publico
1055 2294 1094 2334 in
1130 2291 1328 2334 interfecti
1351 2302 1412 2348 ty-
