1611 2708
671 217 818 247 LIBER
856 212 907 247 11.
1345 199 1405 245 75

184 339 277 370 'nem
299 328 473 370 nobilem
504 326 554 368 L.
584 327 775 378 Sestium,
798 327 912 367 cuius
934 322 1181 366 incubiculo
1204 322 1407 364 ecfossum

185 416 288 453 esse,
327 416 369 442 se
403 410 629 455 praesente,
662 408 861 439 mortuum
897 398 1072 447 diceret,
1087 411 1178 437 cum
1216 396 1301 450 ipsc
1338 409 1410 449 po-

184 482 368 514 testatem
391 485 588 511 summam
610 470 791 519 haberet,
816 470 923 523 quod
957 469 1165 509 decemuir
1199 468 1283 508 sine
1318 481 1410 521 pro-

184 544 396 585 uocatione
439 552 558 592 esset,
601 541 728 581 uades
774 550 908 580 tamen
950 541 1135 594 poposcit
1160 555 1186 583 :0
1218 539 1324 594 quod
1368 552 1411 579 se

185 616 317 670 legem
354 613 461 654 illam
498 613 748 667 praeclaram
785 612 1063 666 neglecturum
1099 620 1279 665 negaret,
1308 625 1412 665 quae

186 687 237 727 de
270 686 401 741 capite
423 685 522 726 ciuis
544 685 712 735 romani,
734 684 808 724 nisi
830 684 999 724 comitiis
1029 684 1273 733 centuriatis,
1297 683 1413 723 statui

187 767 357 798 uetaret.

245 827 471 869 XXXVII.
520 829 684 869 Tertius
699 838 759 870 est
781 842 906 869 annus
929 827 985 868 X.
1002 827 1136 867 uiralis
1159 836 1415 875 consecutus,

186 915 280 941 cum
302 900 411 940 idem
434 910 581 951 essent,
604 915 681 941 nec
704 901 801 940 alios
824 901 1041 954 subrogare
1065 899 1298 939 uoluissent.
1371 897 1416 937 In

186 973 264 1013 hoc
287 982 389 1013 statu
411 972 469 1012 rei
490 973 691 1027 publicae,
708 986 829 1027 quem
848 971 931 1012 dixi
953 972 1032 1011 iam
1056 984 1177 1025 saepe
1196 985 1274 1010 non
1297 984 1417 1024 posse

186 1059 278 1086 esse
302 1045 545 1095 diuturnum,
565 1045 671 1099 quod
693 1060 772 1085 non
795 1054 902 1086 esset
922 1045 961 1084 in
983 1044 1112 1084 omnis
1134 1043 1296 1084 ordines
1319 1042 1418 1083 ciui-

187 1117 277 1157 tatis
300 1117 518 1171 aequabilis
537 1132 547 1168 3
575 1126 660 1157 erat
680 1130 806 1171 penes
828 1117 1029 1171 principes
1051 1125 1134 1156 tota
1155 1129 1221 1155 res
1242 1114 1419 1170 publica,

188 1189 425 1243 praepositis
448 1188 504 1229 X.
527 1189 621 1229 uiris
643 1189 910 1238 nobilissimis,
937 1202 1016 1228 non
1040 1187 1232 1242 oppositis
1253 1185 1421 1227 tribunis

189 1260 260 1314 pl„
283 1260 398 1300 nullis
426 1260 510 1300 aliis
537 1260 734 1301 adiunctis
769 1260 1079 1314 magistratibus,
1106 1273 1185 1299 non
1220 1272 1421 1313 prouoca-

189 1333 296 1374 tione
332 1333 383 1373 ad
416 1333 609 1387 populum
644 1342 782 1373 contra
804 1347 950 1373 necem
985 1342 1024 1373 et
1058 1332 1230 1372 uerbera
1266 1331 1420 1373 relicta.

190 1404 304 1458 Ergo
325 1405 469 1445 horum
504 1419 557 1445 ex
589 1405 777 1444 iniustitia
811 1405 940 1445 subito
975 1414 1116 1444 exorta
1150 1413 1210 1444 est
1243 1404 1422 1444 maxima

189 1477 435 1532 perturbatio
468 1486 509 1516 et
541 1477 659 1516 totius
701 1476 960 1516 commutatio
1002 1477 1059 1516 rei
1100 1476 1287 1531 publicae
1309 1491 1317 1515 :
1356 1476 1423 1530 qui

192 1549 348 1590 duabus
370 1548 513 1589 tabulis
532 1549 760 1603 ¹iniquarum
782 1548 917 1602 legum
942 1548 1099 1598 additis,
1125 1548 1282 1602 quibus,
1302 1549 1423 1588 etiam

193 1635 297 1676 quae
320 1621 506 1660 diiunctis
525 1621 683 1675 populis
716 1621 833 1660 tribui
868 1620 1010 1670 solent,
1034 1621 1221 1670 conubia,
1244 1621 1347 1660 haec
1370 1620 1424 1660 illi
1470 1616 1471 1619 ¹

194 1702 237 1732 ut
257 1706 308 1732 ne
331 1691 463 1746 plebei
486 1706 579 1732 cum
600 1692 779 1746 patribus
802 1701 937 1731 essent
969 1691 1299 1732 inhumanissima
1332 1692 1422 1745 lege

195 1774 439 1815 sanxerunt3
472 1778 574 1818 quae
597 1773 737 1818 postea
759 1763 994 1818 plebeiscito
1012 1762 1211 1804 Canuleio
1235 1765 1426 1818 abrogata

194 1846 230 1877 st
249 1851 259 1875 z
290 1835 580 1889 libidinoseque
598 1835 706 1875 omni
723 1835 891 1889 imperio
915 1844 954 1875 et
976 1836 1122 1875 acerbe
1147 1845 1187 1875 et
1208 1850 1329 1876 auare
1352 1850 1424 1890 po-

193 1907 288 1963 pulo
311 1905 584 1962 praefuerunt.
649 1907 758 1948 Nota
780 1907 933 1948 scilicet
954 1908 1019 1947 illa
1054 1922 1119 1948 res
1147 1916 1186 1948 et
1219 1908 1426 1948 celebrata

195 1979 465 2020 monumentis
498 1979 677 2033 plurimis
709 1979 947 2029 litterarum,
975 1993 1069 2019 cum
1102 1978 1302 2020 Decimus
1338 1979 1425 2033 qui-

197 2051 292 2090 dam
311 2049 530 2104 Uerginius
564 2051 760 2105 uirginem
794 2051 915 2091 filiam
950 2060 1113 2106 propter
1135 2052 1251 2091 unius
1275 2065 1327 2090 ex
1350 2051 1425 2091 illis

198 2120 255 2163 X.
278 2122 373 2162 uiris
393 2122 674 2177 intemperiem
695 2122 734 2162 in
756 2121 843 2162 soro
877 2137 950 2163 sua
985 2137 1107 2162 manu
1142 2122 1423 2172 interemisset,

198 2207 246 2234 ac
269 2207 455 2234 maerens
473 2194 522 2234 ad
541 2194 780 2244 exercitum,
797 2194 863 2249 qui
880 2203 964 2234 tum
983 2204 1068 2235 erat
1088 2195 1127 2234 in
1145 2183 1308 2248 Algido,
1327 2208 1424 2234 con-

199 2263 391 2320 fugissem
422 2264 566 2307 milites
587 2265 736 2308 bellum
769 2266 866 2316 illut,
890 2266 998 2322 quod
1032 2276 1117 2308 erat
1150 2267 1189 2307 in
1225 2267 1423 2316 manibus,
