1611 2708
662 174 808 205 LIBER
846 174 876 204 1.
1312 156 1374 203 29

155 297 278 325 causa
300 285 434 338 genuit
456 285 672 325 ciuitatem.
735 283 898 325 Deinde
921 291 988 324 aut
1021 282 1086 322 uni
1119 280 1375 321 tribuendum

157 365 244 406 est3
278 365 344 396 aut
377 356 544 396 delectis
578 355 843 410 quibusdam3
876 363 943 395 aut
982 352 1282 408 suscipiendum
1317 361 1378 391 est

155 427 395 467 multitudini
425 435 544 480 atque
566 425 764 466 omnibus.
827 425 968 473 Quare
990 440 1084 466 cum
1105 438 1231 479 penes
1253 437 1376 464 unum

156 506 216 537 est
236 497 415 537 omnium
437 510 593 537 summa
614 510 763 546 rerum,
786 510 924 550 regem
957 497 1068 536 illum
1102 509 1224 536 unum
1254 508 1377 534 uoca-

154 580 256 617 mus,
280 576 320 607 et
341 581 508 621 regnum
532 567 617 608 eius
651 567 708 607 rei
745 567 929 622 publicae
953 576 1112 607 statum.
1176 566 1285 608 Cum
1308 581 1377 607 au-

155 645 236 678 tem
260 648 320 678 est
352 652 478 694 penes
513 638 707 688 delectos,
729 647 814 679 tum
850 638 917 679 illa
951 639 1092 679 ciuitas
1127 638 1378 692 optimatium

156 711 315 750 arbitrio
330 711 413 764 regi
437 711 593 751 dicitur.
656 709 729 751 Illa
761 719 895 750 autem
918 720 978 750 est
999 709 1140 749 ciuitas
1160 709 1377 763 popularis,

156 782 211 822 sic
233 783 341 822 enim
364 782 577 836 appellant,
593 782 631 822 in
655 796 732 836 qua
754 781 792 821 in
814 781 962 836 populo
985 790 1074 821 sunt
1095 781 1242 820 onmia.
1305 780 1379 820 At-

156 866 233 907 que
269 853 412 893 horum
448 854 566 894 trium
604 867 798 908 generum
836 854 1020 908 quoduis,
1056 853 1087 893 si
1123 862 1260 893 teneat
1295 852 1380 893 illut

154 924 345 975 uinclum,
370 925 477 980 quod
511 925 684 980 primum
710 925 892 965 homines
919 925 1020 965 inser
1043 939 1084 965 se
1107 925 1166 964 rei
1193 924 1379 978 publicae

154 1009 277 1036 causa
297 997 490 1043 societate
521 996 728 1047 deuinxit3
760 1011 838 1036 non
861 995 1086 1051 perfectum
1109 996 1193 1036 illut
1216 995 1379 1050 quidem

153 1081 286 1123 neque
309 1082 401 1108 mea
427 1069 622 1108 sententia
643 1068 853 1122 optimum,
877 1069 948 1108 sed
982 1068 1188 1108 tolerabile
1225 1077 1377 1117 tamen,

153 1149 193 1179 et
210 1139 304 1180 aliut
321 1140 397 1180 alio
414 1140 538 1194 possit
555 1153 644 1180 esse
662 1140 940 1193 praestantius.
1004 1138 1113 1179 Nam
1135 1139 1202 1178 uel
1223 1153 1296 1178 rex
1312 1152 1382 1178 ae-

154 1225 226 1251 cus
250 1225 296 1252 ac
334 1211 522 1265 sapiens3
554 1211 620 1250 uel
655 1211 802 1251 delecti
837 1225 884 1250 ac
919 1210 1121 1264 principes
1143 1209 1281 1260 ciues3
1314 1208 1380 1248 uel

150 1283 239 1336 ipse
261 1282 446 1336 populus,
471 1295 714 1335 quamquam
747 1282 788 1322 id
822 1292 882 1321 est
915 1282 1078 1321 minime
1113 1281 1379 1335 probandum,

153 1363 288 1393 tamen
309 1353 424 1392 nullis
446 1353 662 1392 interiectis
684 1353 953 1406 iniquitatibus
983 1361 1050 1391 aut
1083 1340 1386 1406 cupiditatibusJ

152 1438 270 1480 posse
293 1424 452 1464 uidetur
475 1424 607 1478 aliquo
630 1437 719 1464 esse
742 1438 819 1463 non
838 1424 990 1464 incerto
1014 1433 1130 1463 statu.

211 1494 393 1538 XXVII,
450 1495 522 1536 Set
544 1505 583 1536 et
604 1486 650 1536 in'
665 1495 797 1549 regnis
831 1496 946 1535 nimis
970 1504 1159 1549 expertes
1194 1505 1283 1535 sunt
1311 1510 1379 1536 ce-

151 1568 225 1608 teri
248 1568 471 1608 communis
494 1567 588 1607 iuris
611 1576 650 1607 et
670 1567 824 1607 consilii
843 1582 851 1606 ε
885 1576 924 1607 et
952 1567 990 1607 in
1025 1567 1275 1621 optimatium
1308 1568 1380 1608 do-

152 1639 302 1679 minatu
325 1639 394 1679 uix
415 1639 617 1693 particeps
638 1639 829 1679 libertatis
863 1648 992 1693 potest
1029 1653 1118 1678 esse
1153 1639 1378 1689 multitudo,

152 1723 246 1750 cum
268 1710 375 1750 omni
397 1710 562 1750 consilio
585 1711 787 1750 communi
824 1725 870 1751 ae
904 1719 1102 1765 potestate
1136 1721 1273 1751 careat
1298 1726 1308 1751 ε
1341 1721 1379 1751 et

154 1796 248 1822 cum
276 1782 411 1822 onmia
443 1795 516 1836 per
549 1782 740 1836 populum
776 1792 979 1836 geruntur,
1017 1782 1200 1836 quamuis
1232 1782 1381 1823 iustum

153 1861 273 1906 atque
296 1852 565 1903 moderatum,
588 1862 723 1892 tamen
746 1853 831 1907 ipsa
855 1853 1114 1908 aequabilitas
1138 1863 1198 1893 est
1230 1854 1379 1908 iniqua,

152 1937 245 1964 cum
267 1923 389 1964 habet
409 1923 538 1964 nullos
560 1924 707 1978 gradus
730 1924 943 1978 dignitatis.
1007 1924 1148 1980 ltaque
1181 1926 1212 1966 si
1246 1925 1381 1981 Cyrus

153 1994 218 2034 ille
241 2009 379 2049 perses
411 1995 648 2036 iustissimus
681 1995 754 2036 suit
788 1997 1184 2051 sapientissimusque
1211 2012 1300 2048 rex,
1322 2007 1380 2038 ta·
1411 1997 1415 2000 ⁴

153 2080 247 2106 men
268 2058 365 2109 'mihi
386 2068 523 2122 populi
552 2082 645 2119 res3
678 2081 725 2108 ea
749 2068 855 2108 enirn
887 2078 959 2119 est,
983 2078 1025 2109 ut
1048 2069 1131 2109 dixi
1154 2078 1284 2119 antea,
1307 2084 1382 2124 pu-

151 2138 257 2178 blica
276 2153 303 2190 ;‚
319 2152 397 2179 non
419 2140 594 2179 maxime
620 2140 850 2194 expetenda
874 2139 994 2180 fuisse
1017 2139 1083 2179 illa
1098 2140 1270 2190 uidetur,
1289 2154 1382 2181 cum

152 2219 360 2265 regeretur
382 2210 498 2252 unius
524 2220 635 2251 nutu.
698 2211 762 2252 Ac
788 2211 911 2253 modo
945 2212 976 2252 si
1013 2210 1288 2253 Massilienses
1310 2226 1382 2254 110-

563 2283 619 2322 3⁵2<-
