1611 2708
585 155 731 185 LIBER
770 156 800 186 1.
1236 144 1299 192 35

77 263 216 303 uidere
253 264 447 317 optimum
483 273 522 304 et
555 265 593 304 in
628 279 677 305 eo
710 265 936 305 consentire
970 275 1145 320 possent,
1179 280 1300 309 nemo

77 335 258 375 delectos
280 335 480 390 principes
504 346 729 390 quaereret.
783 337 1008 378 Difficultas
1022 338 1184 379 ineundi
1205 353 1302 380 con-

76 407 150 448 silii
173 421 259 446 rem
282 421 300 447 a
333 421 427 460 rege
451 406 501 446 ad
522 406 685 460 plures3
718 421 828 448 error
849 418 888 449 et
909 410 1113 450 temeritas
1134 410 1303 464 populo-

78 493 166 519 rum
189 492 211 517 a
231 477 482 517 multitudine
506 477 555 517 ad
583 492 735 532 paucos
756 480 965 520 transtulit.
1030 480 1100 522 Sic
1122 481 1223 521 inter
1244 481 1303 521 in·-

77 549 305 590 firmitatem
339 548 454 589 unius
488 549 838 604 temeritatemque
872 551 1089 592 multorum
1123 553 1304 594 medium

76 620 289 674 optimates
321 620 589 674 possederunt
622 621 770 672 locum,
807 636 886 676 quo
919 622 1015 662 nihil
1047 632 1180 677 potest
1212 638 1302 665 esse

77 692 323 732 moderatius
341 706 351 731 :
384 692 527 746 quibus
549 707 635 732 rem
656 693 860 747 publicam
881 694 1096 744 tuentibus,
1125 695 1306 735 beatissi-

77 778 165 804 mos
187 778 277 804 esse
313 765 484 818 populos
517 779 686 805 necesse
721 774 794 816 est,
830 780 981 807 uacuos
1015 767 1123 806 omni
1145 781 1243 808 cura
1265 776 1306 807 et

76 835 345 888 cogitatione3
379 835 449 896 alis
481 836 679 890 permisso
713 837 793 877 otio
828 852 915 888 suo,
951 838 1093 892 quibus
1127 838 1167 878 id
1190 847 1305 878 tuen-

77 906 173 946 dum
197 915 255 946 est
277 920 409 961 neque
433 908 766 948 committendum
784 919 826 949 ut
847 923 919 950 sua
940 910 1157 950 commoda
1177 923 1307 964 popu-

77 978 138 1018 lus
171 978 330 1032 neglegi
365 993 388 1019 a
420 979 667 1034 principibus
707 990 834 1034 putet.
898 980 1008 1022 Nam
1046 982 1307 1035 aequabilitas

78 1049 243 1102 quidem
264 1049 372 1100 iuris,
398 1064 517 1104 quam
551 1052 831 1106 amplexantur
852 1052 965 1092 liberi
988 1053 1139 1107 populi,
1173 1066 1306 1106 neque

79 1121 230 1160 seruari
251 1130 408 1174 potest:
431 1122 504 1176 ipsi
527 1123 634 1162 enim
656 1123 807 1177 populi,
832 1124 1014 1177 quamuis
1037 1124 1153 1163 soluti
1176 1122 1307 1164 ecfre-

78 1192 238 1245 natique
262 1191 351 1242 sint,
374 1193 592 1247 praecipue
615 1194 748 1234 multis
769 1194 893 1234 multa
914 1195 1104 1244 tribuunt,
1127 1203 1167 1234 et
1188 1204 1248 1234 est
1269 1195 1309 1234 in

79 1263 173 1317 ipsis
194 1277 364 1316 magnus
387 1263 556 1304 dilectus
589 1264 796 1304 hominum
820 1274 860 1305 et
882 1265 1144 1319 dignitatum3
1178 1279 1309 1320 eaque

72 1345 182 1390 *quae
226 1336 449 1394 appellatur
483 1337 744 1390 aequabilitas
778 1337 1025 1391 iniquissima
1063 1347 1136 1378 est.
1200 1337 1308 1378 Cum

80 1407 186 1447 enim
212 1397 284 1461 pai·
306 1407 475 1448 habetur
497 1408 624 1448 honos
652 1408 818 1448 summis
841 1418 881 1448 et
901 1409 1047 1449 infimis
1069 1409 1135 1463 qui
1159 1409 1234 1449 sint
1270 1409 1310 1449 in

78 1478 186 1519 omni
206 1465 540 1533 populo'necesse
563 1489 636 1529 est,
660 1480 746 1534 ipsa
761 1481 942 1534 aequitas
964 1481 1212 1535 iniquissima
1234 1481 1310 1521 sit:

81 1550 187 1604 quod
219 1550 258 1590 in
280 1550 325 1590 iis
348 1550 588 1601 ciuitatibus,
623 1565 725 1604 quae
749 1551 798 1592 ab
820 1553 979 1606 optimis
1014 1562 1219 1606 reguntur,
1243 1566 1311 1592 ac-

80 1622 217 1662 cidere
252 1636 331 1662 non
362 1631 508 1676 potest.
535 1614 543 1624 ⁴
573 1614 692 1663 Haec
736 1622 835 1673 sere,
868 1623 1000 1673 Laeli,
1035 1633 1075 1663 et
1108 1624 1311 1678 quaedam

81 1693 264 1734 eiusdem
287 1694 444 1747 generis
468 1694 516 1734 ab
540 1694 599 1743 iis,
624 1694 689 1748 qui
724 1709 815 1734 eam
839 1693 1009 1735 formam
1032 1695 1089 1734 rei
1124 1695 1310 1749 publicae

81 1764 258 1804 maxime
282 1765 459 1815 laudant,
483 1765 676 1820 disputari
698 1765 840 1806 solent.

140 1834 326 1877 XXXV.
360 1836 471 1876 Tum
507 1836 686 1887 Laelius,
711 1837 838 1891 quid?
871 1848 912 1878 tu
936 1839 1075 1893 inquit,
1112 1838 1265 1893 Scipio,
1289 1852 1312 1878 e

82 1908 205 1948 tribus
226 1907 323 1958 istis,
357 1908 453 1962 quid
489 1908 667 1948 maxime
689 1908 868 1962 probas?
915 1908 961 1949 S.
996 1909 1130 1950 Recte
1155 1910 1313 1965 quaeris

84 1980 191 2035 quod
213 1981 390 2020 maxime
413 1995 436 2020 e
458 1981 610 2032 tribus3
634 1982 822 2035 quoniam
845 1997 985 2023 eorum
1007 1984 1160 2024 nullum
1182 1984 1313 2038 ipsum

82 2066 155 2107 per
187 2066 230 2092 se
265 2053 479 2107 separatim
513 2054 667 2108 probo3
702 2063 984 2110 anteponoque
1019 2056 1182 2110 singulis
1215 2056 1313 2104 illut,

84 2123 191 2178 quod
215 2124 433 2164 conflatum
466 2123 585 2165 suerit
619 2139 672 2166 ex
693 2126 893 2167 omnibus.
959 2127 1032 2168 Set
1054 2129 1085 2168 si
1119 2142 1243 2167 unum
1266 2141 1314 2167 ac

83 2196 256 2253 simplex
277 2196 530 2252 probandum
551 2196 616 2248 sit,
649 2198 804 2252 regium
819 2199 995 2255 probem
1029 2206 1148 2257 atque
1170 2198 1213 2239 in
1231 2198 1316 2256 pri-
