1611 2708
272 201 335 247 9⁶2
679 218 741 248 DE
780 217 841 248 RE
879 217 1087 250 Pvssmcn⁸

270 345 349 371 non
384 328 527 370 iustitia
563 335 710 377 nostra,
749 328 1072 382 comprobantur.
1138 327 1247 369 Nihil
1281 330 1401 371 habet
1423 332 1493 385 igi-

270 414 332 444 tur
353 392 532 443 naturale
564 400 652 439 ius:
683 413 736 439 ex
759 413 836 453 quo
858 399 953 440 illud
977 400 1158 450 efficitur,
1182 415 1231 440 nc
1264 401 1385 442 iustos
1409 404 1494 457 qui-

272 477 365 515 dem
389 487 477 514 esse
500 476 654 512 natura.
709 471 774 511 An
797 486 893 511 uero
915 471 953 511 in
975 472 1130 526 legibus
1147 473 1382 513 uarietatem
1405 487 1494 514 esse

272 547 435 597 dicunt3
464 531 605 586 natura
629 553 761 584 autem
784 544 890 583 uiros
911 544 1038 584 bonos
1060 558 1150 584 cam
1172 545 1358 584 iustitiam
1382 545 1495 599 sequi

271 632 373 672 quae
391 618 452 667 sit,
475 631 554 657 non
576 630 665 656 cam
684 629 785 669 quae
808 624 966 668 putetur
985 614 1000 654 ?
1034 629 1122 655 esse
1146 615 1252 655 enim
1269 615 1346 655 hoc
1368 613 1493 656 boni?

269 689 341 728 uiri
365 698 404 729 et
425 689 528 738 iusti,
550 688 725 728 tribuere
748 687 786 726 id
820 687 993 740 quoique
1026 687 1132 740 quod
1156 688 1204 726 sit
1226 701 1384 741 quoque
1409 687 1494 740 dig-

272 775 381 801 num.
436 760 598 814 Ecquid
622 774 717 813 ergo
739 761 911 814 primum
944 759 1061 799 mutis
1083 759 1303 799 tribuemus
1334 758 1494 799 beluis?

269 847 348 873 non
371 833 476 872 enim
495 832 722 871 mediocres
740 832 827 881 uiri,
851 831 921 871 scd
940 831 1117 871 maxumi
1136 840 1176 870 et
1198 830 1319 880 docti,
1342 830 1494 884 Pytha-

269 919 386 959 goras
429 913 469 944 ct
510 902 801 957 EmpedocleS‚
854 917 974 942 unam
1015 902 1193 942 omnium
1236 899 1493 942 animantium

268 976 548 1017 condicionem
582 975 676 1015 iuris
698 988 786 1015 csse
810 974 1043 1013 denuntiant
1057 989 1069 1025 3
1106 973 1358 1027 clamantque
1381 973 1495 1014 inex-

267 1048 422 1101 piabilis
456 1061 607 1101 poenas
640 1046 875 1100 impendere
913 1046 959 1086 iis
993 1061 1015 1086 a
1050 1046 1191 1099 quibus
1225 1045 1415 1085 uiolatum
1448 1045 1496 1084 sit

268 1120 429 1159 animal.
485 1119 630 1160 Scelus
653 1128 713 1159 est
729 1119 845 1173 igitur
867 1131 1015 1158 nocere
1029 1118 1182 1158 bestiae
1199 1132 1210 1169 3
1234 1118 1341 1172 quod
1363 1117 1495 1158 scelus

269 1192 334 1245 qui
356 1191 453 1231 uelit
476 1220 629 1230 .....

268 1307 355 1337 Exin
378 1312 549 1345 supersunt
572 1307 635 1336 duo
658 1312 784 1336 tantum
808 1307 883 1336 solia
906 1315 961 1336 seu
976 1305 1115 1345 paginae
1138 1311 1211 1336 octo
1234 1315 1333 1344 usque
1349 1305 1391 1334 ad
1413 1305 1495 1336 initi—

600 1372 654 1391 um
677 1362 895 1400 quaternionis
919 1362 1167 1401 quadragesimi.

328 1463 353 1487 ’κ
373 1464 398 1487 ÷÷
421 1463 517 1504 XII.
552 1463 660 1503 Nam
684 1478 778 1517 qum
801 1473 1061 1517 quaereretur
1084 1477 1135 1503 ex
1151 1477 1214 1512 eo,
1239 1463 1494 1517 quo⁵scelere

268 1535 460 1589 impulsus
484 1549 594 1575 mare
617 1535 784 1574 haberet
809 1534 996 1575 infestum
1019 1549 1097 1574 uno
1119 1548 1393 1588 myoparonc;
1426 1549 1496 1575 eo-

270 1609 378 1658 dem,
401 1607 540 1661 inquit,
565 1621 643 1661 quo
665 1616 706 1646 tu
728 1607 868 1647 orbem
891 1617 1036 1646 terrae.
1089 1605 1256 1645 Nonius
1278 1620 1365 1646 uoc.
1389 1620 1494 1661 myo-

260 1694 369 1735 paro
393 1686 428 1719 et
451 1693 523 1719 uoc
545 1678 702 1728 habere,
726 1694 744 1718 e
766 1677 850 1718 III.
874 1678 921 1718 de
944 1692 1028 1732 rep.
1047 1678 1071 1701 ἥ
1088 1677 1113 1700 ÷÷

272 1783 280 1791 .
303 1783 311 1791 .
335 1782 343 1791 .
366 1782 375 1791 .
399 1751 584 1791 omnibus
617 1750 857 1805 quaeritote.
922 1750 1171 1805 “Sapientia
1203 1751 1313 1791 iubet
1347 1765 1494 1806 augere

269 1837 382 1878 opes,
407 1823 651 1877 amplificare
671 1822 855 1862 (liuitias⁷’
877 1822 1056 1876 proferre
1080 1823 1181 1863 finis.
1244 1822 1365 1863 Unde
1388 1825 1493 1864 enim

261 1894 466 1950 potuisset
490 1892 768 1949 [Alexander]
793 1909 972 1934 summus
1002 1893 1072 1935 ille
1103 1895 1330 1949 imperator,
1364 1896 1435 1950 qui
1455 1896 1495 1936 in

267 1966 370 2007 Asia
405 1965 499 2006 olim
533 1965 695 2021 [armis]
732 1967 820 2007 finis
853 1967 1007 2022 imperii
1030 1968 1293 2022 propagauit3
1328 1968 1400 2008 nisi
1424 1968 1493 2008 ali-

269 2038 363 2092 quid
387 2038 437 2077 de
473 2038 602 2078 alieno
625 2039 888 2088 accessissem
925 2040 1137 2093 imperare,
1174 2053 1291 2093 quam
1315 2040 1493 2093 plurimis

268 2110 343 2150 frui
377 2110 658 2164 uoluptatibus,
685 2111 850 2165 pollere,
883 2126 1065 2166 regnare,
1099 2112 1325 2153 dominari?
1377 2113 1493 2154 Iusti-

268 2182 321 2222 tia
344 2190 477 2222 autem
498 2182 696 2237 praecipit
714 2197 880 2237 parcere
903 2185 1100 2235 omnibus,
1123 2185 1333 2226 consulere
1356 2184 1491 2239 generi

269 2253 489 2305 hominum,
542 2269 657 2297 suum
700 2256 844 2311 cuique
897 2257 1084 2307 reddere,
1137 2271 1265 2308 sacra,
1316 2257 1489 2311 publica,
