1611 2708
209 256 271 303 68
620 277 682 306 m:
720 276 781 306 RE
819 276 1026 307 PVBLICA

266 381 426 423 XXVI.
479 369 637 425 Uideti‘s
658 399 709 425 ne
731 386 861 440 igitur,
880 379 921 427 ut
939 387 989 427 de
1012 399 1107 440 rege
1127 386 1310 427 dominus
1327 389 1429 428 exti-

205 456 309 504 terit,
328 456 522 509 uniusque
545 456 640 496 uitio
657 470 782 510 genus
804 459 860 498 rei
883 458 1069 512 publicae
1093 471 1144 497 ex
1167 458 1272 497 bono
1295 458 1333 497 in
1357 458 1428 497 de-

206 535 426 565 terrumum
443 540 683 568 conuersum
706 529 754 568 sit
771 528 787 568 ?
851 528 931 569 Hic
947 538 1007 569 est
1025 528 1130 568 enim
1155 528 1339 568 dominus
1356 542 1429 582 po-

206 596 301 650 puli,
326 611 445 650 quem
470 597 617 639 Graeci
644 608 854 653 tyrannum
889 609 1062 640 uocant:
1094 614 1186 639 nam
1220 614 1358 653 regem
1383 599 1428 638 il-

205 667 287 707 lum
310 669 447 708 uolunt
468 684 571 720 esse,
597 671 661 724 qui
695 672 864 710 consulit
897 680 937 711 ut
972 684 1116 724 parens
1145 671 1308 724 populo,
1331 684 1428 710 con-

204 749 419 794 seruntque
441 754 525 790 eos,
549 742 692 795 quibus
714 751 773 780 est
795 742 1059 795 praepositus,
1076 754 1195 794 quam
1217 741 1367 794 optima
1389 740 1428 778 in

207 810 445 851 condicione
469 812 645 851 uiuendi.
711 811 818 851 Sane
840 812 1004 861 bonum,
1027 820 1069 850 ut
1099 811 1196 860 dixi,
1219 811 1276 850 rei
1299 810 1428 865 publi-

204 894 277 920 cae
301 894 440 933 genus,
464 883 534 921 sed
557 892 692 921 tamen
726 883 957 922 inclinatum
981 891 1020 921 et
1043 882 1152 936 quasi
1183 896 1353 935 pronum
1376 881 1427 921 ad

203 951 584 1004 perniciosissimum
603 963 761 993 statum.
818 953 1068 1006 Simulatque
1087 953 1192 992 enim
1211 966 1254 992 se
1271 952 1426 992 inflexit

202 1021 266 1061 hic
289 1037 361 1062 rex
384 1023 422 1062 in
446 1023 689 1063 dominatum
726 1024 985 1073 iniusdorem,
1009 1024 1051 1063 fit
1082 1023 1269 1063 continuo
1292 1032 1426 1077 tyran-

201 1107 288 1144 nus,
308 1109 386 1148 quo
409 1109 540 1148 neque
563 1095 728 1135 taetrius
749 1108 881 1148 neque
906 1095 1062 1134 foedius
1079 1108 1154 1134 nec
1175 1094 1234 1133 dis
1256 1093 1425 1133 homini-

199 1164 354 1218 busque
370 1165 532 1205 inuisius
547 1166 692 1205 animal
709 1165 831 1204 ullum
847 1165 1010 1218 cogitari
1028 1173 1179 1217 potest:
1204 1164 1268 1217 qui
1285 1177 1424 1217 quam-

201 1249 320 1288 quam
359 1235 485 1288 figura
523 1245 582 1274 est
618 1235 804 1285 hominis,
827 1249 983 1274 morum
1020 1244 1153 1274 tamen
1191 1235 1423 1274 inmanitate

200 1306 444 1346 uastissimas
467 1307 589 1346 uincit
609 1307 776 1346 belluas.
841 1306 945 1353 Quis
963 1305 1068 1345 enim
1092 1306 1197 1345 hunc
1221 1305 1424 1345 hominem
1472 1323 1479 1329 ·

200 1378 272 1418 rite
292 1378 450 1427 dixerit,
471 1378 534 1431 qui
555 1378 626 1418 sibi
650 1392 742 1418 cnm
765 1378 845 1418 suis
863 1377 1030 1426 ciuibus,
1050 1377 1115 1430 qui
1139 1376 1312 1430 denique
1331 1389 1423 1416 cum

199 1450 307 1490 omni
343 1450 548 1488 hominum
586 1463 734 1502 genere
767 1449 915 1488 nullam
953 1448 1047 1487 iuris
1082 1447 1421 1495 communionem,

198 1520 347 1560 nullam
370 1520 623 1559 humanitatis
646 1520 879 1559 societatem
903 1517 1029 1558 uelit?
1083 1517 1167 1557 Sed
1186 1517 1259 1556 erit
1275 1516 1352 1556 11οο
1371 1517 1421 1556 de

199 1604 347 1644 genere
370 1591 482 1630 nobis
506 1591 603 1630 alius
627 1591 753 1644 aptior
775 1590 935 1630 dicendi
966 1589 1093 1638 locus,
1117 1602 1210 1628 cum
1243 1601 1308 1628 res
1336 1588 1422 1641 ipsa

200 1661 452 1701 admonuerit
474 1670 516 1701 ut
538 1662 573 1701 in
594 1675 663 1701 eos
686 1662 880 1711 dicamus,
905 1661 969 1714 qui
1005 1661 1125 1700 etiam
1155 1659 1321 1699 liberata
1341 1659 1421 1700 iarn

199 1732 359 1773 ciuitate
384 1733 674 1772 dominationes
697 1733 991 1786 adpetiuerunt.

258 1802 439 1843 XXVII.
496 1803 665 1843 Habetis
701 1803 817 1857 igitur
858 1803 1030 1857 primum
1072 1812 1202 1843 ortum
1239 1803 1420 1856 tyranni:

198 1888 291 1914 nam
313 1874 389 1914 1100
412 1889 557 1914 nomen
582 1874 729 1914 Graeci
767 1874 872 1927 regis
905 1874 1033 1914 iniusti
1069 1888 1158 1914 esse
1180 1874 1390 1914 uoluerunt
1407 1888 1419 1925 3

198 1946 319 1986 nostri
344 1946 505 1998 quidem
524 1960 663 1985 omnes
687 1960 802 1999 reges
819 1946 1096 1985 uocitanerunt
1114 1945 1179 1998 qui
1202 1944 1272 1984 soli
1295 1945 1332 1983 in
1347 1958 1419 1998 po-

197 2017 311 2070 pulos
329 2027 564 2070 perpetuam
583 2026 819 2070 potestatem
838 2017 1044 2057 haberent.
1092 2015 1231 2069 Itaque
1255 2024 1293 2054 et
1313 2015 1417 2068 Spu-

198 2088 279 2127 rius
301 2087 481 2137 Cassius,
505 2097 544 2127 et
581 2087 639 2127 M.
665 2087 840 2127 Manlius
859 2097 898 2127 et
923 2087 1092 2141 Spurius
1126 2085 1298 2126 Maelius
1327 2100 1418 2139 reg-

198 2173 293 2198 num
345 2173 546 2213 occupare
588 2158 761 2198 uoluisse
800 2158 894 2198 dicti
943 2167 1057 2197 sunt:
1104 2166 1144 2198 et
1184 2157 1305 2198 modo
1348 2156 1414 2197 Ti.

205 2228 410 2272 Gracchus
435 2260 588 2271 .....

563 2338 793 2378 Desider'antur
808 2345 946 2386 paginae
962 2346 1053 2376 duae.
