1611 2708
309 229 372 277 60
712 245 774 275 DE
811 245 874 276 RE
912 246 1120 278 PvssLicA

309 367 531 403 romanum,
556 353 627 393 sed
650 354 814 394 consilio
836 364 875 394 et
897 354 1104 409 disciplina
1125 355 1402 397 confirmatum
1425 370 1527 407 esse,

310 440 384 466 nec
407 434 540 465 tamen
563 425 801 466 aduersante
834 425 1003 466 fortuna.

367 495 503 536 XVII.
538 496 699 537 Mortuo
729 511 824 552 rege
866 497 1080 552 Pompilio,
1114 497 1279 539 Tullum
1314 497 1530 539 Hostilium

309 567 479 622 populus
515 581 667 621 regem,
709 569 906 623 interrege
944 579 1121 623 rogante,
1165 570 1334 610 comitiis
1371 570 1533 610 curiatis

310 639 493 689 creauit3
525 638 636 693 isque
660 639 710 679 de
732 640 900 693 imperio
932 655 1003 681 suo
1026 641 1214 694 exemplo
1237 640 1425 695 Pompili,
1459 655 1531 695 po-

309 710 446 765 pulum
469 710 665 750 consuluit
682 706 877 750 curiatim.
931 709 1059 751 Cuius
1083 711 1288 751 excellens
1305 712 1343 750 in
1365 724 1408 751 re
1431 710 1532 750 mili-

308 782 381 822 tari
403 781 540 835 gloria,
562 795 813 835 magnaeque
837 782 1052 821 extiterunt
1072 795 1136 821 res
1156 781 1341 821 bellicae.
1395 780 1531 821 Fecit-

310 867 386 907 que
410 853 517 892 idem
541 861 579 892 et
601 853 747 906 saepsit
776 853 826 892 de
850 853 1031 893 manubis
1053 853 1257 892 comitium
1290 862 1329 892 et
1350 853 1500 893 curiam
1522 867 1530 891 :

309 924 588 977 constituitque
632 924 691 963 ius
734 938 811 978 quo
842 924 948 964 bella
980 924 1277 973 indicerentur3
1319 924 1425 977 quod
1459 937 1531 977 per

309 1009 351 1036 se
375 995 585 1035 iustissime
604 996 806 1035 inuentum
830 995 959 1035 sanxit
981 994 1101 1034 fetiali
1119 994 1325 1048 religione,
1348 1004 1390 1034 ut
1411 1007 1530 1034 omne

308 1065 456 1106 bellum
481 1067 585 1119 quod
620 1058 891 1106 denuntiatum
929 1066 1201 1119 indictumque
1238 1079 1317 1105 non
1339 1074 1458 1114 esset,
1491 1065 1530 1105 id

309 1137 494 1177 iniustum
532 1151 620 1177 esse
644 1137 774 1191 adque
813 1137 960 1190 inpium
984 1137 1241 1176 iudicaretur.
1306 1135 1360 1176 Et
1397 1145 1438 1176 ut
1461 1135 1531 1176 ad·-

309 1209 471 1248 uertatis
493 1209 682 1258 animum,
707 1222 824 1261 quam
848 1208 1046 1261 sapienter
1069 1208 1146 1247 iam
1169 1221 1286 1261 reges
1307 1208 1384 1248 hoc
1406 1207 1528 1247 nostri

310 1280 492 1329 uiderint,
515 1279 725 1319 tribuenda
748 1280 946 1332 quaedam
970 1293 1058 1319 esse
1080 1279 1227 1332 populo
1247 1293 1259 1329 3
1280 1278 1404 1319 multa
1425 1278 1530 1318 enim

308 1351 422 1392 nobis
445 1351 496 1390 de
519 1365 568 1391 eo
599 1364 746 1404 genere
771 1350 943 1390 dicenda
966 1359 1083 1400 sunt3
1120 1364 1170 1390 ne
1207 1350 1423 1403 insignibus
1446 1350 1531 1404 qui-

310 1421 404 1462 dem
442 1421 559 1475 regiis
595 1421 739 1461 Tullus
776 1421 847 1460 nisi
891 1421 998 1460 iussu
1036 1421 1168 1474 populi
1208 1430 1268 1460 est
1305 1434 1423 1460 ausus
1459 1421 1528 1460 uti.

309 1492 417 1533 Nam
449 1502 491 1532 ut
513 1492 583 1532 sibi
622 1491 837 1532 duodecim
868 1491 1027 1531 lictores
1049 1505 1142 1532 cum
1175 1490 1348 1532 fascibus
1381 1491 1529 1531 anteire

309 1564 450 1606 liceret
473 1594 625 1604 .....

674 1681 906 1711 Desiderantur
922 1680 1059 1720 paginae
1071 1680 1163 1711 duae.

312 1781 558 1837 (Angustia.
590 1781 639 1823 G.
662 1780 721 1822 D.
747 1780 828 1822 III.
858 1785 923 1822 15.
986 1779 1054 1821 De
1091 1778 1214 1821 Tullo
1236 1779 1384 1836 quippe
1416 1780 1533 1821 etiam

308 1853 504 1904 Hostilio,
539 1853 610 1909 qui
645 1853 783 1894 tertius
815 1868 838 1893 a
862 1851 1037 1893 Romulo
1071 1867 1141 1892 rex
1163 1851 1266 1906 fuit,
1289 1852 1360 1906 qui
1392 1852 1532 1907 etipse

296 1925 472 1979 fulmine
506 1924 705 1966 absumtus
727 1934 795 1975 est,
819 1924 915 1965 dicit
951 1924 994 1964 in
1017 1924 1160 1964 eisdem
1195 1923 1264 1978 [de
1287 1922 1393 1978 rep]
1417 1923 1531 1964 libris

316 1996 459 2037 Cicero
474 1996 513 2050 ι)
549 1997 831 2050 &Propterea
865 2006 902 2036 et
937 1997 1054 2036 istum
1087 2009 1165 2034 non
1199 1995 1397 2034 creditum
1432 1995 1531 2035 inter

309 2067 408 2108 deos
441 2077 649 2121 receptum
672 2068 736 2107 tali
772 2077 914 2116 morte,
950 2068 1014 2120 qui
1051 2065 1216 2106 fortasse
1253 2067 1359 2120 quod
1387 2075 1472 2106 erat
1493 2066 1530 2105 in

309 2139 486 2180 Romulo
508 2139 733 2192 probatum,
756 2137 931 2179 Romani
955 2138 1119 2192 uulgare
1153 2134 1377 2187 noluerunt,
1400 2138 1431 2180 si
1453 2137 1529 2178 hoc-

308 2219 348 2251 et
370 2209 481 2250 alteri
505 2208 619 2249 facile
642 2210 895 2250 tribueretur.

365 2279 522 2321 XVIII.
550 2311 558 2320 .
585 2311 594 2321 .
621 2312 630 2320 .
664 2294 788 2335 neque
821 2282 927 2320 enim
962 2281 1083 2335 serpit
1117 2281 1188 2321 sed
1221 2280 1327 2320 uolat
1360 2280 1397 2319 in
1429 2280 1528 2334 opti-

308 2365 417 2392 mum
448 2361 592 2394 statum
626 2353 800 2394 instituta
831 2361 898 2394 tuo
930 2366 1114 2394 sermone
1147 2366 1211 2393 res
1243 2351 1417 2406 publica.
1482 2348 1527 2390 S.
