1611 2708
670 228 820 262 LIBER
858 227 921 258 lv.
1310 204 1400 250 113

182 341 370 384 cietatem
388 356 397 380 ε
430 354 478 381 ea
500 349 560 381 est
582 340 688 380 enim
709 339 837 392 prima
859 349 979 377 causa
1003 330 1189 380 coeundi,
1209 338 1249 369 et
1269 329 1308 368 id
1330 328 1402 368 ho-

182 414 355 454 minibus
379 412 482 452 effici
513 426 564 451 ex
598 424 641 449 re
675 409 836 462 publica
870 407 1004 454 debet,
1027 403 1167 459 partim
1206 399 1402 448 institutis,

184 485 260 525 alia
282 483 449 536 legibus.
499 479 704 533 Principio
721 478 971 531 disciplinam
993 475 1190 530 puerilem
1207 471 1403 526 ingenuis,

183 555 235 594 de
260 568 337 607 qua
360 551 508 592 Graeci
542 551 710 590 multum
742 548 885 589 frustra
918 548 1159 594 laborarunt,
1184 552 1224 584 et
1255 544 1294 583 in
1327 556 1406 596 qua

183 638 263 664 una
297 622 491 676 Polybius
525 630 659 669 noster
695 620 842 673 hospes
875 623 1099 658 nostrorum
1141 615 1405 655 institutorum

182 695 479 749 neglegentiam
503 702 693 743 aecusat3
724 691 872 732 nullam
896 699 1046 730 certam
1077 697 1143 728 ant
1170 687 1407 727 destinatam

183 767 352 820 legibus,
369 775 435 806 aut
456 765 616 820 publice
639 764 876 819 expositam,
894 771 959 803 aut
981 775 1100 802 unam
1118 759 1296 800 omnium
1319 771 1407 798 esse

185 839 413 879 uoluerunt.
477 836 585 876 Nam
610 865 763 876 .....

231 981 235 984 .
258 953 493 983 Desiderantur
507 951 646 990 paginae
661 960 763 989 neque
779 952 849 989 plus
866 956 937 980 octo
953 959 1056 988 neque
1072 950 1175 979 minus
1192 953 1338 986 quatuor.

248 1053 273 1077 ἥ
297 1053 323 1077 '²‘
347 1051 584 1093 Secundum
625 1053 806 1093 Tullium
841 1053 906 1107 qui
945 1050 1190 1102 dicit,—ad
1231 1049 1410 1089 militiam

188 1124 372 1165 euntibus
395 1124 479 1163 dari
501 1123 636 1164 solitos
659 1137 747 1164 esse
771 1123 960 1164 custodes
983 1137 1004 1162 a
1028 1123 1169 1177 quibus
1191 1121 1320 1175 primo
1343 1135 1411 1160 an-

187 1210 239 1236 no
262 1203 463 1249 regantur.
528 1193 696 1234 Seruius
711 1209 800 1234 aen,
831 1193 886 1233 V.
908 1195 1005 1233 546.
1031 1193 1056 1216 ÷÷
1080 1193 1106 1217 ἦ

246 1265 320 1307 IV.
347 1297 356 1306 .
383 1296 392 1305 .
420 1296 428 1305 .
452 1265 499 1314 ri,
528 1265 669 1305 nudari
691 1266 901 1320 puberem.
963 1264 1023 1304 Ita
1057 1274 1146 1305 sunt
1184 1265 1260 1305 alte
1295 1277 1412 1317 repe-

188 1339 257 1378 tita
276 1337 387 1392 quasi
413 1335 673 1377 fundamenta
695 1337 895 1390 quaedam
918 1337 1204 1376 uerecundiae.
1267 1334 1413 1375 quen-

187 1410 281 1449 tutis
318 1422 415 1448 uero
451 1406 686 1448 exercitatio
724 1421 843 1461 quam
879 1407 1051 1446 absurda
1088 1408 1127 1447 in
1168 1405 1412 1460 gymnasiis!

190 1493 310 1533 quam
332 1478 433 1518 leuis
455 1478 705 1531 epheborum
739 1478 803 1517 illa
838 1478 1004 1518 militia!
1040 1493 1158 1532 quam
1189 1486 1414 1517 contrecta-

186 1551 317 1590 tiones
335 1559 375 1590 et
389 1563 547 1590 amores
570 1549 685 1589 soluti
704 1557 743 1589 et
764 1548 877 1589 liberi
897 1550 905 1589 !
969 1549 1087 1589 Mitto
1103 1549 1208 1603 apud
1233 1548 1357 1588 Eleos
1376 1556 1415 1587 et

189 1621 424 1669 Thebanos,
456 1629 551 1674 aput
593 1633 691 1673 quos
732 1620 770 1659 in
814 1633 949 1659 amore
988 1621 1251 1673 ingenuorum
1293 1618 1414 1658 libido

191 1693 311 1732 etiam
334 1691 569 1745 permissam
591 1691 713 1730 habet
730 1699 769 1729 et
791 1690 960 1730 solutam
977 1690 1193 1730 licentiam.
1256 1689 1415 1728 Lacae-

192 1761 368 1802 demonii
404 1762 479 1816 ipsi
513 1775 606 1801 cum
640 1761 774 1800 omnia
808 1761 1036 1801 concedunt
1070 1761 1108 1800 in
1143 1775 1278 1801 amore
1302 1762 1416 1800 iuue-

190 1848 301 1882 num,
325 1841 485 1886 praeter
523 1842 717 1887 stuprum,
746 1833 855 1872 tenui
893 1847 987 1873 sane
1021 1848 1136 1873 muro
1172 1833 1417 1886 dissaepiunt

191 1904 232 1944 id
270 1904 377 1958 quod
420 1904 653 1958 excipiunt:
686 1904 907 1958 conplexus
950 1904 1056 1943 enirn
1098 1904 1414 1957 conviibitusqrie

191 1975 452 2029 permittunt:
485 1975 609 2028 pallas
643 1975 744 2014 inter
776 1989 916 2029 pecus.
982 1973 1061 2015 Hic
1098 1975 1275 2024 Laelius,
1298 1989 1415 2028 prue-

193 2045 301 2086 clare
335 2045 537 2099 intellego,
563 2045 713 2100 Scipio,
736 2055 775 2086 te
810 2046 849 2086 in
883 2046 915 2086 is
951 2046 1149 2086 Graeciae
1185 2047 1414 2100 discip-luris,

194 2129 293 2170 quas
315 2117 535 2170 reprendis,
559 2131 652 2157 cum
689 2117 845 2172 populis
880 2118 1130 2158 nobilissimis
1155 2118 1270 2158 melle
1296 2132 1414 2172 quam

193 2202 285 2228 cum
318 2198 386 2228 tuo
424 2187 592 2228 Platone
629 2190 784 2240 luctari,
810 2203 929 2244 quem
963 2204 1013 2230 ne
1045 2191 1200 2245 attingis
1224 2191 1415 2245 quidem3

190 2260 428 2314 praesertim
451 2274 542 2301 cum
568 2291 577 2300 .
604 2291 614 2300 .
640 2267 651 2300 .‘
676 2291 686 2300 .
712 2291 721 2301 .

606 2331 688 2372 10*
