1611 2708
197 228 261 276 64
607 247 669 278 DE
707 247 769 278 RE
806 249 1015 281 PvssLch

194 355 259 396 ille
282 357 392 410 regio
409 365 548 397 ornatu
571 358 632 397 ius
649 357 828 409 dixisset,
847 359 1140 415 obaeratosque
1157 363 1330 416 pecunia
1347 378 1418 405 sua

193 427 469 479 liberauisset3
501 428 705 484 multaque
736 431 923 472 comitate
946 447 1054 482 usus,
1078 433 1186 473 iussu
1208 434 1418 489 Tarquinii

190 513 233 539 se
256 500 316 539 ius
339 500 477 540 dicere
499 501 757 555 probauisset
775 517 786 553 ;
818 517 896 543 non
920 504 1121 545 commisit
1146 519 1188 545 se
1211 506 1388 560 patribus
1409 520 1418 545 ε

191 571 277 620 sed,
295 571 518 626 Tarquinio
541 574 710 628 sepulto,
728 575 922 628 populum
944 576 995 615 de
1019 590 1061 616 se
1084 577 1168 631 ipse
1192 577 1417 627 consuluit3

190 643 400 698 iussusque
435 658 618 698 regnare,
649 645 781 699 legem
820 646 870 685 de
909 646 1077 700 imperio
1115 662 1187 688 suo
1223 649 1416 688 curiatam

187 714 288 753 tulit»
354 714 410 755 Et
430 716 603 770 primum
626 715 892 757 Etruscorum
914 717 1075 759 iniurias
1091 719 1197 760 bello
1216 729 1275 760 est
1291 720 1418 769 ultus3

189 797 239 824 ex
265 799 343 840 quo
366 800 459 827 cum
482 801 548 828 ma
573 818 727 828 .....

545 904 780 935 Desiderantur
803 905 942 945 paginae
967 907 1058 936 duae.

244 1005 384 1047 XXII.
411 1036 420 1045 .
448 1038 457 1047 .
484 1037 493 1046 .
516 1005 677 1061 scripsit
710 1007 911 1048 centurias
945 1009 1121 1064 equitum
1155 1010 1235 1051 duo
1270 1010 1320 1051 de
1358 1012 1417 1051 ui-

185 1079 277 1132 ginti
315 1094 440 1120 censu
483 1079 676 1119 maximo.
740 1079 903 1120 Deinde
942 1081 1121 1135 equitum
1163 1096 1310 1136 magno
1343 1097 1416 1122 nu-

184 1165 297 1191 mero
324 1165 377 1191 ex
406 1151 515 1191 omni
548 1151 686 1205 populi
723 1165 881 1191 summa
917 1161 1118 1206 separato,
1141 1153 1309 1193 relicum
1343 1168 1416 1208 po-

182 1222 320 1277 pulum
365 1222 562 1262 distribuit
603 1222 642 1261 in
686 1222 862 1276 quinque
901 1223 1053 1274 classis,
1092 1225 1352 1279 senioresque
1395 1240 1417 1266 a

182 1293 400 1333 iunioribus
424 1293 586 1333 diuisit:
619 1306 770 1347 eosque
805 1293 858 1333 ita
893 1294 1125 1348 disparauit‚
1148 1305 1191 1336 ut
1229 1296 1417 1350 suffragia

181 1381 256 1406 non
286 1366 324 1406 in
359 1365 621 1407 multitudinis
656 1365 727 1405 sed
762 1365 801 1405 in
835 1365 1097 1419 locupletium
1125 1376 1324 1421 potestate
1348 1382 1414 1408 es-

182 1448 295 1479 sent:
319 1437 570 1491 curaustque,
590 1437 697 1490 quod
733 1449 894 1490 semper
927 1437 966 1476 in
1003 1451 1046 1476 re
1081 1438 1241 1491 publica
1276 1447 1415 1478 tenen-

181 1511 277 1550 dum
316 1519 389 1559 est,
424 1523 474 1548 ne
512 1508 728 1562 plurimum
766 1507 927 1548 ualeant
963 1508 1136 1562 plurimi.
1201 1508 1322 1557 Quae
1354 1509 1413 1549 (li-

179 1582 341 1636 scriptio
360 1582 391 1621 si
410 1590 516 1621 esset
534 1581 667 1634 ignota
685 1580 798 1620 uobis
816 1580 1088 1634 explicaretur
1106 1595 1126 1619 a
1145 1595 1226 1620 me.
1291 1581 1413 1621 Nunc

179 1654 374 1694 rationem
411 1653 558 1692 uidetis
596 1666 684 1691 esse
726 1645 864 1702 talem',
900 1661 942 1691 ut
984 1652 1164 1705 equitum
1206 1654 1412 1693 centuriae

179 1739 273 1766 cum
296 1739 369 1765 sex
401 1723 611 1777 suffragiis,
635 1732 675 1762 et
708 1723 837 1776 prima
874 1723 1026 1773 classis,
1059 1720 1195 1763 addita
1233 1725 1413 1765 centuria

179 1811 283 1852 quae
307 1797 357 1837 ad
382 1810 583 1837 summum
601 1809 718 1835 usum
741 1795 848 1835 urbis
878 1794 1000 1835 fabris
1022 1795 1199 1848 tignariis
1222 1805 1282 1836 est
1305 1796 1411 1846 data,

183 1884 359 1910 cxxxix.
396 1868 597 1908 centurias
634 1867 806 1906 habeat:
840 1867 984 1921 quibus
1021 1881 1074 1907 ex
1111 1877 1217 1908 cent.
1255 1877 1412 1921 quattor

180 1942 395 1991 centuriis;
428 1949 484 1980 tot
506 1939 612 1979 enim
641 1938 819 1993 reliquae
844 1948 948 1989 sunt,
971 1948 1063 1979 octo
1085 1939 1194 1979 solae
1218 1939 1246 1978 si
1271 1953 1411 1979 acces-

182 2022 334 2063 serunt,
358 2010 546 2052 confecta
588 2020 648 2052 est
673 2012 733 2051 uis
767 2012 902 2065 populi
932 2012 1148 2051 uniuersa:
1179 2011 1413 2065 reliquaque

179 2085 302 2126 multo
324 2085 450 2124 maior
471 2083 684 2123 multitudo
707 2096 781 2122 sex
815 2092 855 2122 et
887 2083 1101 2137 nonaginta
1138 2083 1410 2123 centuriarum

179 2171 312 2212 neque
357 2156 644 2197 excluderetur
678 2154 888 2208 suffragiis,
923 2168 973 2194 ne
1021 2154 1239 2208 superbum
1276 2163 1409 2205 esset3

179 2243 255 2270 nec
274 2228 429 2269 ualeret
445 2228 575 2277 nimis,
593 2241 643 2267 ne
663 2236 769 2268 esset
786 2226 1072 2281 periculosum.
1126 2226 1171 2267 In
1190 2240 1269 2280 quo
1287 2227 1407 2266 etiarn

181 2301 315 2343 uerbis
338 2314 385 2342 ac
407 2299 632 2342 nominibus
654 2299 749 2354 ipsis
778 2297 850 2339 suit
884 2297 1067 2352 diligens,
1091 2298 1158 2353 qui
1180 2311 1273 2339 cum
1295 2296 1405 2339 locu-
