1611 2708
487 573 653 616 LIBRI
682 573 892 616 TERTII

247 725 382 785 DE
440 726 574 784 RE
632 710 1132 784 PVBLICA

568 887 817 925 EPITOME

316 1030 356 1050 ex
379 1019 559 1060 Augustino
582 1022 621 1051 de
644 1018 773 1051 ciuitate
796 1020 856 1051 Dei
880 1019 932 1052 lib.
956 1021 995 1061 II:
1018 1017 1069 1052 21.

141 1120 166 1143 ÷÷
185 1120 210 1144 ἦ
228 1119 273 1162 In
294 1121 410 1161 tertio
427 1121 528 1161 libro
555 1135 701 1175 magna
727 1111 1105 1162 conflictationerfes
1123 1103 1213 1163 εὶόῗῖῑ
1231 1131 1304 1162 est.

83 1193 271 1247 Suscepit
304 1193 411 1234 enim
448 1192 561 1234 Pilus
595 1194 680 1248 ipse
718 1194 1028 1248 disputationem
1063 1207 1203 1233 eorum
1242 1193 1308 1247 qui

82 1265 273 1305 sentirent
295 1265 378 1305 sine
402 1265 589 1305 iniustitia
611 1265 694 1319 regi
720 1280 799 1306 non
820 1279 940 1319 posse
962 1280 1048 1305 rem
1071 1265 1274 1320 publicam
1294 1279 1307 1316 3

81 1352 256 1392 purgans
278 1352 320 1378 se
343 1338 576 1392 praecipue,
600 1352 650 1378 ne
672 1337 750 1377 hoc
773 1338 857 1391 ipse
881 1337 1027 1377 sentire
1050 1337 1309 1377 crederetur:

82 1410 243 1463 egitque
266 1409 406 1449 sedulo
428 1424 501 1463 pro
523 1409 711 1449 iniustitia
732 1418 871 1449 contra
904 1408 1105 1458 iustitiam,
1129 1416 1172 1447 ut
1205 1408 1309 1447 hanc

84 1495 172 1521 csse
194 1480 332 1520 utilem
354 1480 411 1520 rei
430 1481 631 1534 publicae,
654 1480 762 1520 illam
784 1494 882 1520 uero
919 1479 1114 1529 inutilem,
1138 1479 1224 1519 ueri
1259 1479 1310 1518 si-

84 1552 241 1592 milibus
262 1552 478 1592 rationibus
501 1561 540 1592 et
572 1551 771 1606 exemplis
793 1552 904 1591 uelut
940 1560 1153 1591 conaretur
1175 1560 1310 1591 osten-

86 1626 198 1665 dere.
260 1623 371 1666 Tum
405 1622 584 1673 Laelius,
619 1623 848 1677 rogantibus
884 1623 1083 1673 omnibus,
1121 1623 1310 1663 iustitiam

87 1694 306 1736 defendere
330 1694 544 1748 adgressus
567 1704 640 1743 est,
664 1694 919 1747 adseruitque
944 1703 1134 1750 quantum
1170 1693 1311 1747 potuit,

86 1767 181 1807 nihil
222 1776 303 1806 tam
346 1766 550 1806 inimicum
593 1780 713 1820 quam
755 1766 984 1806 iniustitiam
1032 1765 1195 1815 ciuitati,
1232 1778 1310 1805 nec

87 1839 248 1880 omnino
269 1838 343 1878 nisi
365 1852 510 1892 magna
531 1838 678 1878 iustitia
711 1837 795 1892 geri
830 1846 897 1878 aut
928 1847 1032 1878 stare
1066 1850 1185 1891 posse
1222 1850 1311 1876 rem

86 1911 301 1966 publicam.
366 1909 462 1958 Qua
484 1911 717 1965 quaestione
741 1920 931 1965 quantum
954 1910 1048 1950 satis
1084 1910 1214 1950 uisum
1251 1918 1314 1949 est

88 1992 340 2038 pertractata,
366 1983 504 2037 Scipio
537 1983 588 2023 ad
622 1983 846 2023 intermissa
878 1983 1118 2033 reuertitur;
1149 1980 1312 2021 recolit·
1342 2030 1344 2032 v

90 2069 167 2110 que
189 2069 302 2095 suam
325 2064 442 2109 atque
466 2055 724 2095 commendat
743 2055 912 2095 breuem
945 2055 1001 2094 rei
1031 2054 1217 2108 publicae
1241 2052 1313 2093 de-

88 2127 321 2177 finitionem,
345 2141 424 2181 qua
445 2127 603 2168 dixerat
624 2141 714 2168 eam
738 2141 826 2168 esse
864 2141 950 2167 rem
987 2127 1123 2181 populi
1143 2142 1154 2177 3
1184 2139 1314 2180 popu-

90 2199 172 2239 lum
195 2207 329 2238 autem
351 2213 429 2238 non
452 2212 613 2239 omnem
636 2208 797 2239 coetum
820 2199 1096 2248 multitudinis,
1119 2198 1191 2239 sed
1219 2210 1313 2237 coe-

91 2279 175 2314 tum
195 2270 290 2312 iuris
312 2284 510 2312 consensu
533 2278 573 2311 et
593 2270 768 2311 utilitatis
802 2270 1085 2312 communione
1119 2270 1313 2311 sociatum
