1611 2708
575 204 722 236 menn
762 201 832 234 111.
1242 181 1296 229 91

80 322 230 362 alienos
268 332 384 373 agros
419 317 639 356 demetunt.
703 313 792 355 Nos
823 325 920 352 uero
956 307 1156 351 iustissimi
1179 306 1308 346 homi-

80 407 166 442 nes,
191 392 256 446 qui
279 388 540 443 transalpinas
563 387 691 440 gentis
712 386 844 425 oleam
867 393 908 423 et
928 383 1051 422 uitem
1073 393 1208 420 serere
1230 393 1308 418 non

82 464 262 512 sinimus,
287 475 365 515 quo
402 458 526 513 pluris
548 457 624 497 sint
657 465 790 496 nostra
811 455 959 494 oliueta
989 461 1228 506 nostraeque
1252 451 1311 491 ui-

81 547 210 574 neae:
244 532 351 586 quod
375 544 466 584 qum
492 528 701 577 faciamus,
725 526 944 580 prudenter
966 523 1102 564 facere
1126 524 1311 573 dicimur,

82 606 184 645 iuste
207 617 286 642 uon
309 601 506 651 dicimur3
530 609 571 640 ut
593 599 830 652 intellegatis
849 597 1079 651 discrepare
1103 597 1151 636 ab
1175 596 1313 650 aequi-

81 684 162 716 tate
198 673 449 728 sapientiam.
513 671 728 726 Lycurgus
761 679 895 710 autem
929 669 994 708 ille
1031 669 1165 722 legum
1198 678 1314 722 optu-

84 760 242 786 marum
265 755 305 785 et
327 744 569 798 aequissumi
591 743 685 783 iuris
712 743 894 781 inuentor
917 754 1032 794 agros
1054 740 1315 794 locupletium

83 817 192 873 plebi
214 826 256 856 ut
278 816 439 856 seruitio
462 815 655 855 colendos
678 814 803 854 dedit.

144 886 201 927 X.
237 885 400 926 Genera
435 900 533 925 uero
556 886 587 925 si
625 885 747 926 uelim
785 885 892 935 iuris,
927 885 1207 934 institutorum,
1230 897 1317 924 mo-

85 973 174 1000 rum
208 958 626 1012 consuetudinumque
665 958 911 1007 describere,
943 972 1022 997 non
1057 958 1178 997 modo
1201 957 1240 996 in
1261 965 1319 997 tot

88 1031 272 1086 gentibus
294 1032 418 1081 uaria,
443 1031 515 1071 sed
538 1031 576 1070 in
599 1045 678 1070 una
700 1031 813 1080 urbe,
852 1031 917 1070 uel
939 1030 977 1070 in
999 1030 1075 1070 hac
1098 1030 1197 1084 ipsa,
1230 1028 1319 1069 mil-

90 1104 190 1143 liens
212 1111 363 1142 mutata
385 1103 659 1142 demonstrem
679 1117 688 1141 ε
710 1112 754 1142 ut
774 1102 838 1142 hic
862 1102 956 1142 iuris
973 1111 1107 1142 noster
1124 1102 1321 1155 interpres

89 1175 165 1215 alia
187 1188 292 1214 nunc
316 1173 505 1214 Manilius
526 1174 612 1214 iura
631 1174 738 1214 dicat
760 1188 849 1214 esse
873 1174 923 1213 de
946 1174 1158 1213 mulierum
1181 1173 1322 1227 legatis

92 1255 132 1286 et
167 1245 470 1295 hereditatibus,
514 1245 590 1285 alia
627 1245 763 1286 solitus
805 1246 854 1285 sit
895 1246 1135 1285 adulescens
1169 1246 1321 1295 dicere,

92 1317 271 1357 nondum
294 1317 463 1357 uoconia
486 1316 575 1370 lege
599 1317 678 1357 lata
698 1332 707 1356 ε
740 1331 843 1371 quae
867 1318 1029 1372 quidem
1052 1318 1137 1372 ipsa
1158 1317 1226 1358 lex
1248 1318 1324 1358 uti-

92 1389 210 1429 litatis
233 1388 409 1427 uirorum
437 1388 561 1441 gratia
584 1397 722 1442 rogata
744 1389 781 1428 in
805 1389 994 1428 mulieres
1025 1389 1145 1443 plena
1168 1399 1202 1429 st
1223 1390 1324 1429 iniu-

93 1460 191 1500 riae.
256 1458 342 1499 Cur
375 1459 481 1498 enim
514 1460 730 1513 pecuniam
762 1474 842 1500 non
875 1460 1023 1500 habeat
1044 1460 1220 1501 mulier?
1254 1475 1325 1502 cur

93 1530 236 1584 uirgini
258 1530 399 1570 uestali
423 1531 471 1570 sit
492 1531 625 1580 heres,
656 1545 735 1571 non
758 1531 806 1571 sit
827 1531 943 1571 matri
966 1531 1095 1572 suae?
1148 1532 1234 1573 Cur
1257 1548 1327 1573 au-

94 1615 191 1654 tem,
230 1604 261 1643 si
297 1604 497 1657 pecuniae
530 1603 675 1643 modus
710 1605 944 1644 statuendus
977 1604 1048 1644 fuit
1079 1603 1250 1654 feminis,
1275 1604 1326 1646 P.

97 1674 235 1715 Crassi
269 1675 348 1714 filia
378 1684 515 1728 posset
535 1675 702 1725 habere,
738 1676 769 1715 si
793 1676 910 1715 unica
943 1677 1044 1730 patri
1067 1686 1187 1726 esset,
1226 1677 1329 1717 aeris

98 1746 282 1796 milliens,
306 1746 418 1786 salua
439 1746 529 1799 lege
548 1761 560 1797 3
587 1761 679 1787 mea
701 1747 862 1787 triciens
883 1761 962 1786 non
983 1758 1121 1802 posset
1145 1779 1299 1789 .....

395 1861 583 1892 Desiderari
606 1863 755 1892 uidentur
777 1863 917 1902 paginae
941 1864 1033 1893 duae.

162 1963 237 2005 XI.
265 1996 273 2004 .
301 1995 310 2004 .
337 1995 346 2003 .
371 1964 569 2005 sanxisset
604 1964 689 2005 iura
725 1965 867 2017 nobis3
902 1975 941 2005 et
969 1980 1109 2007 omnes
1143 1962 1272 2007 isdem
1296 1977 1335 2009 et

104 2037 213 2083 idem
234 2051 313 2077 non
336 2036 432 2076 alias
450 2036 535 2076 aliis
552 2046 770 2077 uterentur.
825 2036 993 2084 Quaero
1009 2048 1140 2078 autem
1159 2054 1170 2090 3
1192 2040 1223 2079 si
1246 2040 1336 2080 iusti

105 2108 276 2149 hominis
299 2117 338 2148 et
360 2108 391 2148 si
423 2108 518 2148 boni
541 2118 576 2149 st
597 2109 671 2148 uiri
703 2124 848 2163 parere
871 2110 1054 2164 legibus;
1088 2111 1262 2165 quibus?
1286 2127 1336 2152 an

108 2196 390 2237 quaecumque
413 2181 558 2222 erunt?
592 2192 631 2222 at
651 2197 727 2223 nec
752 2183 1055 2224 inconstantiam
1088 2184 1212 2224 uirtus
1233 2186 1338 2225 reci-

106 2255 176 2311 pit,
212 2270 289 2298 nec
324 2255 560 2297 uarietatem
595 2266 736 2298 natura
768 2258 942 2312 patitur3
975 2250 1168 2314 legesque
1191 2273 1335 2314 poenaj
