1611 2708
688 239 834 270 LIBER
871 239 903 269 1.
1346 222 1409 268 45

186 360 307 392 tatem
325 352 524 406 quandam
539 364 740 404 magnam,
757 363 836 404 qua
849 361 988 390 carere
1004 347 1149 388 diutius
1163 347 1232 387 uix
1246 355 1412 401 possunt

184 423 325 474 liberi3
359 423 505 463 deinde
526 421 840 462 fi1·mitudinen1”
865 420 971 474 quod
995 429 1033 460 et
1055 419 1119 459 illa
1141 418 1269 474 prima
1292 416 1409 457 facile

185 495 223 534 in
258 494 455 535 contraria
489 493 584 533 uitia
621 500 922 541 conuertuntur,
945 500 988 531 ut
1022 491 1188 531 exsistat
1222 504 1274 530 ex
1312 502 1408 543 rege

187 565 384 614 dominus,
408 578 460 604 ex
494 563 752 618 optimatibus
781 561 915 612 factio,
944 575 996 602 ex
1030 562 1179 617 populo
1220 561 1337 602 turba
1374 568 1413 600 ct

185 634 394 687 confusi03
427 635 616 690 quodque
639 635 725 689 ipsa
762 647 912 688 genera
935 634 1150 688 generibus
1172 648 1294 688 saepe
1317 647 1413 673 con-

184 716 386 748 mutantur
427 707 556 748 nouis.
622 706 716 746 Hoc
753 706 792 745 in
833 706 910 746 hac
947 706 1082 746 iuncta
1123 706 1413 758 moderateque

185 779 385 833 permixta
406 778 724 819 conforrnatione
747 777 804 817 rei
826 777 1013 831 publicae
1047 791 1126 817 non
1162 775 1290 817 ferme
1328 777 1412 816 sino

184 851 338 904 magnis
360 850 586 904 principum
621 849 725 889 uitiis
748 849 897 889 euenit.
961 847 1057 889 Non
1079 857 1140 889 est
1162 848 1269 888 enim
1291 861 1415 888 causa

184 921 472 971 conuersionis,
488 921 554 962 ubi
577 921 616 960 in
638 935 710 961 suo
729 922 897 975 quisque
921 930 981 961 est
1002 920 1129 974 gradu
1152 920 1317 960 firmiter
1332 919 1415 959 col-

184 993 351 1042 locatus,
369 1001 408 1032 et
429 1006 507 1032 non
531 992 668 1032 subest
686 1006 764 1046 quo
786 992 1026 1047 praecipitet
1047 1007 1094 1032 ae
1118 992 1295 1032 decidat.

243 1063 402 1104 XLVI.
459 1063 544 1104 Sed
575 1077 732 1114 uereor,
756 1063 888 1114 Laeli,
911 1077 1065 1118 uosque
1099 1063 1282 1104 homines
1317 1064 1416 1103 ami-

186 1136 333 1177 cissimi
356 1150 403 1175 ac
426 1135 739 1190 prudentissimi,
761 1150 812 1176 ne
836 1136 867 1177 si
902 1136 1049 1176 diutius
1082 1136 1121 1175 in
1156 1135 1233 1175 hoc
1266 1149 1416 1189 genere

187 1221 338 1257 merser,
363 1207 475 1260 quasi
511 1207 797 1261 praecipientis
830 1207 1041 1247 cuiusdam
1079 1217 1118 1247 et
1157 1207 1352 1257 docentis,
1377 1216 1416 1247 et

186 1294 262 1319 non
286 1279 497 1319 uobiscum
520 1278 636 1318 simul
659 1279 949 1319 considerantis
971 1293 1060 1319 esse
1084 1279 1268 1319 uideatur
1290 1279 1416 1319 oratio

186 1365 292 1391 mea.
356 1349 494 1397 Quam
516 1349 567 1390 ob
590 1364 676 1389 rem
699 1350 901 1404 ingrediar
926 1350 966 1390 in
998 1364 1060 1400 ea,
1085 1365 1189 1405 quae
1211 1360 1305 1391 nota
1327 1359 1417 1391 sunt

185 1421 383 1470 omnibus,
408 1420 589 1474 quaesita
623 1430 758 1461 autem
793 1436 816 1461 a
849 1422 963 1462 nobis
986 1422 1151 1462 iamdiu.
1217 1422 1286 1463 Sic
1309 1423 1416 1464 enim

186 1493 376 1542 decerno,
396 1492 452 1532 sic
475 1492 615 1542 sentio,
635 1492 691 1532 sic
715 1492 898 1543 adfirmo,
913 1493 1062 1533 nnllam
1080 1494 1259 1534 omnium
1281 1508 1416 1535 rerum

183 1565 435 1620 publicarum
458 1573 525 1604 aut
542 1565 823 1605 constitutione
843 1574 910 1606 aut
928 1564 1186 1620 discriptione
1211 1575 1277 1606 aut
1295 1566 1416 1606 disci-

183 1638 291 1692 plina
325 1635 616 1677 conferendam
648 1650 738 1677 esse
773 1651 867 1677 cum
902 1651 950 1677 ea
983 1651 1104 1691 quam
1135 1647 1271 1692 patres
1292 1637 1415 1679 nostri

185 1709 299 1749 nobis
349 1717 559 1761 acceptam
592 1707 670 1747 iam
705 1709 798 1748 inde
834 1723 857 1749 a
890 1710 1107 1750 maioribus
1149 1710 1413 1764 reliquerunt⁴

187 1779 339 1829 Quam,
375 1780 406 1819 si
442 1779 589 1833 placet,
614 1780 802 1834 quoniam
845 1795 906 1831 ea,
942 1796 1044 1835 quae
1087 1783 1284 1823 tenebatis
1325 1784 1414 1838 ipsi,

186 1852 307 1892 etiam
342 1865 394 1891 ex
428 1866 494 1891 me
530 1852 668 1892 audire
701 1853 893 1903 uoluistis,
918 1853 1033 1893 simul
1066 1863 1106 1894 et
1138 1854 1264 1908 qualis
1297 1855 1344 1894 sit
1376 1864 1416 1895 et

185 1924 378 1978 optimam
401 1937 490 1964 esse
514 1924 724 1964 ostendam
745 1939 754 1963 ε
778 1928 803 1947 “
820 1925 1083 1980 expositaque
1107 1926 1157 1966 ad
1181 1926 1416 1981 exemplum

185 2005 321 2036 nostra
353 2010 395 2036 re
430 1995 605 2050 publica,
629 1997 907 2038 accomodabo
942 1998 992 2037 ad
1028 2012 1132 2048 eam,
1156 1998 1187 2038 si
1228 2008 1413 2053 potuero,

186 2081 349 2109 omnem
383 2068 490 2108 illam
524 2069 760 2120 orationem,
785 2083 887 2124 quae
923 2079 983 2110 est
1016 2070 1112 2110 mihi
1143 2071 1330 2111 habenda
1362 2072 1414 2112 de

185 2139 338 2193 optimo
372 2139 542 2180 ciuitatis
575 2140 721 2181 statu.'’
783 2140 909 2189 Quod
941 2142 972 2182 si
998 2151 1136 2183 tenere
1161 2152 1200 2183 et
1222 2144 1413 2197 consequi

186 2220 370 2267 potuero,
393 2212 595 2252 cumulate
617 2227 762 2253 munus
783 2212 875 2264 hoc,
898 2214 963 2254 cui
998 2228 1063 2256 me
1096 2214 1262 2256 Laelius
1295 2229 1413 2270 prae-

189 2284 332 2339 posuit,
357 2293 399 2325 ut
420 2284 553 2339 opinio
574 2299 667 2327 mea
688 2284 777 2337 fert,
802 2286 991 2328 effecero.
