1611 2708
298 241 360 289 72
698 253 761 285 m:
799 251 861 284 RE
904 251 1113 283 Pvnch

294 363 419 407 Haud
440 362 656 406 mediocris
676 362 756 413 hic,
778 371 821 404 ut
842 375 918 417 ego
941 361 1104 418 quidem
1126 359 1327 414 intellego,
1349 362 1408 402 uir
1429 361 1516 412 suit,

294 437 361 492 qui
382 436 544 477 modica
560 435 741 476 libertate
763 434 912 490 populo
929 434 1036 484 data,
1058 432 1213 474 facilius
1234 432 1359 473 tenuit
1381 443 1517 475 aucto-

293 508 450 549 ritatem
466 507 706 562 principum.
769 505 810 547 N
814 520 927 561 eque.
940 519 1016 560 ego
1037 506 1140 546 haec
1161 519 1267 545 nunc
1290 505 1375 546 sine
1397 519 1518 547 causa

292 588 374 619 tam
403 588 543 619 uetera
563 578 677 620 uobis
698 586 739 618 et
758 588 840 619 tam
861 577 1042 619 obsoleta
1073 577 1245 618 decanto
1261 591 1273 628 ;
1304 576 1377 617 sed
1399 576 1521 618 inlus-

291 650 418 692 tribus
448 651 485 691 in
520 650 700 705 personis
735 649 1064 705 temporibusque
1092 648 1281 703 exempla
1314 648 1520 689 hominum

292 734 510 777 rerumque
545 721 707 773 definio,
751 722 800 762 ad
834 735 937 776 quae
970 721 1125 775 reliqua
1155 719 1281 760 oratio
1319 720 1520 775 derigatur

291 806 398 835 mea.

350 862 537 906 XXXII.
569 864 722 906 Tenuit
755 865 871 918 igitur
905 864 983 905 hoc
1021 864 1060 904 in
1094 872 1197 904 statu
1240 873 1401 904 senatus
1434 877 1519 904 rem

291 934 494 990 publicam
529 936 777 991 temporibus
799 936 900 987 illis;
934 944 977 975 ut
997 935 1036 975 in
1058 935 1207 990 populo
1242 936 1368 977 libero
1389 949 1521 990 pauca

290 1020 364 1061 per
384 1007 592 1062 populum,
616 1008 807 1062 pleraque
837 1016 998 1048 senatus
1020 1007 1269 1057 auctoritate,
1308 1017 1348 1048 et
1368 1008 1522 1048 institu-

291 1087 332 1119 to
356 1092 404 1126 ac
426 1093 538 1119 more
561 1088 822 1133 gererentur:
855 1088 974 1134 atque
997 1080 1052 1119 uti
1075 1079 1261 1119 consules
1282 1087 1520 1133 potestatem

293 1135 491 1190 haberent
523 1159 705 1205 tempore
728 1151 938 1191 dumtaxat
960 1164 1146 1199 annuam,
1185 1162 1333 1203 genere
1366 1150 1452 1203 ipso
1475 1163 1523 1189 ac

289 1221 376 1261 iure
412 1222 579 1275 regiam.
643 1220 849 1276 Quodque
884 1232 969 1262 erat
990 1222 1040 1262 ad
1081 1222 1342 1276 optinendam
1378 1231 1521 1275 poten-

289 1294 387 1335 tiam
421 1294 612 1334 nobilium
643 1296 709 1334 uel
745 1296 983 1345 maximum,
1016 1295 1279 1336 uehementer
1313 1294 1353 1334 id
1377 1294 1522 1334 retine—

289 1365 420 1415 batur,
457 1366 593 1420 populi
628 1366 790 1406 comitia
810 1380 862 1406 ne
897 1375 1031 1406 essent
1052 1375 1150 1416 rata,
1184 1366 1258 1406 nisi
1281 1378 1326 1405 ea
1361 1373 1519 1419 patrum

292 1437 597 1491 adprobauisset
619 1437 846 1477 auctoritas.
910 1437 1045 1491 Atque
1077 1437 1137 1478 his
1159 1437 1253 1492 ipsis
1274 1437 1523 1490 temporibus

293 1508 462 1548 dictator
484 1508 604 1547 etiam
628 1516 688 1548 est
709 1508 906 1548 institutus
928 1508 1072 1548 decem
1096 1507 1181 1548 sere
1204 1508 1315 1548 annis
1332 1517 1421 1562 post
1442 1507 1522 1561 pri-

292 1592 382 1619 mos
403 1578 589 1619 consules
609 1578 664 1619 T.
690 1578 860 1620 Larcius
879 1594 890 1630 3
919 1593 1151 1633 nouumque
1183 1579 1222 1620 id
1246 1592 1373 1633 genus
1395 1580 1523 1633 impe-

293 1649 339 1690 rii
362 1650 493 1690 uisum
526 1659 586 1690 est
607 1658 646 1690 et
680 1650 907 1704 proximum
943 1650 1185 1690 similitudini
1222 1651 1372 1704 regiae.
1437 1649 1522 1690 Sed

293 1729 429 1761 tamen
465 1721 600 1761 omnia
636 1735 793 1761 summa
814 1727 920 1762 'cum
943 1721 1178 1762 auctoritate
1217 1735 1239 1761 a
1261 1721 1522 1775 principibus,

295 1791 469 1832 cedente
500 1791 663 1846 populo,
699 1793 962 1832 tenebantur:
996 1805 1248 1846 magnaeque
1281 1806 1346 1833 res
1367 1801 1523 1847 tempo-

295 1863 404 1903 ribus
425 1862 500 1903 illis
532 1877 556 1903 a
577 1862 797 1904 fortissimis
831 1864 925 1904 uiris
948 1878 1104 1904 summo
1141 1863 1310 1917 imperio
1332 1863 1523 1917 praeditis

296 1934 556 1974 dictatoribus
579 1943 698 1989 atque
721 1935 950 1976 consulibus
975 1935 1068 1975 belli
1091 1935 1345 1989 gerebantur.

355 2002 560 2045 XXXIII.
597 2005 681 2045 Sed
704 2006 744 2046 id
782 2006 888 2060 quod
911 2007 997 2048 fieri
1019 2016 1158 2047 natura
1191 2020 1323 2046 rerum
1347 2007 1431 2061 ipsa
1453 2021 1522 2048 co—

297 2076 430 2130 gebat,
453 2085 496 2116 ut
532 2076 757 2130 plusculum
781 2078 850 2118 sibi
887 2078 980 2118 iuris
1002 2077 1172 2132 populus
1210 2078 1456 2118 adscisceret
1477 2078 1522 2117 li-

296 2147 458 2188 beratus
482 2161 504 2187 a
526 2148 686 2201 regibus
706 2163 716 2199 3
739 2162 816 2188 non
838 2148 956 2202 longo
979 2148 1200 2199 interuallo,
1225 2158 1340 2190 sexto
1363 2149 1521 2190 decimo

298 2216 383 2258 fere
418 2232 534 2268 anno,
570 2217 764 2260 Postumo
803 2218 990 2260 Cominio
1014 2220 1085 2275 Sp.
1115 2219 1259 2262 Cassio
1293 2221 1521 2263 consulibus

297 2299 540 2332 consecutus
561 2299 647 2331 est:
667 2291 708 2330 -in
731 2304 809 2345 quo
827 2284 953 2333 d‘esuit
974 2290 1141 2334 sortasse
1155 2293 1268 2342 ratio,
1291 2293 1361 2334 sed
1385 2301 1517 2334 tamen
