1611 2708
201 217 292 263 110
607 236 670 266 DE
707 236 769 266 RE
807 235 1014 268 PVBLICA

195 351 329 382 autem
349 343 389 382 fit
411 343 565 392 iniuste,
581 357 656 384 nec
675 344 760 384 iure
779 345 862 384 fieri
883 355 1029 399 potest.
1093 345 1186 386 Non
1210 347 1314 387 enim
1330 350 1414 390 iura

195 413 368 453 dicenda
391 423 479 453 sunt
501 414 565 453 uel
587 415 765 467 putanda
793 415 927 470 iniqua
948 417 1153 456 hominum
1176 418 1416 458 constituta:

193 498 286 523 cum
309 484 405 523 illud
428 485 547 524 etiam
570 485 643 538 ipsi
664 486 724 526 ius
747 500 834 526 esse
859 487 1005 537 dicant,
1031 488 1135 541 quod
1172 488 1222 527 de
1246 489 1417 528 iustitiae

194 554 301 594 fonto
324 556 572 606 manauerit3
606 555 828 611 falsumque
852 572 954 608 csse,
979 559 1085 612 quod
1121 573 1143 599 a
1178 559 1418 612 quibusdam

193 639 270 664 non
294 635 404 665 recte
428 627 686 667 sentientibus
716 629 793 668 dici
827 629 940 679 goiet,
965 630 1003 670 id
1039 644 1127 669 esse
1166 630 1225 669 ius
1249 630 1355 683 quod
1380 629 1416 669 ei

194 697 260 750 qui
286 697 373 750 plus
395 706 526 751 potest
547 699 641 737 utile
665 708 738 739 est.
803 699 1023 750 Quocirca,
1046 701 1112 742 ubi
1136 715 1213 740 non
1238 711 1298 740 est
1319 714 1419 741 uera

194 768 352 818 iustitia,
378 770 470 809 iuris
493 783 691 810 consensu
722 771 894 810 sociatus
929 781 1069 811 coctus
1101 772 1307 810 hominum
1337 785 1418 811 non

193 849 324 893 potest
347 854 463 890 csse3
496 849 535 879 et
568 841 660 880 ideo
683 856 758 881 nec
782 842 964 895 populus,
988 842 1098 883 iuxta
1120 842 1226 881 illam
1262 842 1419 895 Scipio-

194 911 254 951 nis
276 911 341 950 uel
365 911 576 952 Ciceronis
594 912 866 952 definitionem
887 928 895 951 :
929 922 968 953 et
989 913 1019 953 si
1043 927 1119 952 non
1142 913 1326 966 populus,
1341 926 1418 952 nee

194 982 273 1022 res'
310 984 473 1037 populi3
526 984 597 1023 sed
650 985 952 1038 qualiscumque
985 983 1261 1032 multitudinis,
1315 996 1417 1036 quae

193 1055 329 1109 populi
352 1055 511 1094 nomine
537 1055 655 1108 digna
677 1071 754 1095 non
779 1066 851 1096 est.
905 1056 968 1094 Ac
991 1069 1062 1109 per
1077 1055 1169 1102 hoc,
1205 1055 1236 1092 si
1258 1067 1323 1092 res
1345 1068 1419 1106 pu-

193 1125 297 1165 blica
320 1139 383 1165 res
405 1126 541 1180 populi
563 1135 635 1175 est,
660 1136 699 1165 et
724 1127 894 1180 populus
916 1141 993 1166 non
1032 1135 1091 1165 est
1129 1125 1194 1178 qui
1218 1138 1418 1165 consensu

194 1211 273 1237 non
308 1197 480 1237 sociatus
516 1206 575 1236 est
608 1197 715 1246 iuris,
738 1211 816 1236 non
853 1207 913 1236 est
949 1205 1082 1236 autem
1120 1196 1180 1236 ius
1214 1196 1280 1234 ubi
1313 1195 1422 1234 nulla

195 1268 339 1309 iustitia
364 1278 449 1319 est3
472 1268 611 1322 procul
627 1268 747 1307 dubio
769 1268 978 1321 colligitur,
994 1268 1059 1307 ubi
1077 1266 1222 1307 iustitia
1244 1280 1321 1306 non
1345 1274 1419 1316 est,

192 1355 272 1380 non
295 1354 383 1380 csse
400 1354 484 1379 rent
507 1340 723 1393 publicam.
785 1338 938 1380 Iustitia
960 1352 1080 1393 porro
1115 1351 1164 1377 ea
1200 1337 1323 1376 uirtus
1345 1345 1420 1386 est,

199 1426 301 1467 quae
344 1426 416 1451 sua
457 1413 603 1465 cuique
646 1411 855 1451 distribuit.
941 1408 1213 1465 Augustinus,
1264 1405 1314 1448 C.
1357 1405 1416 1447 D.

202 1482 329 1528 XIX.
352 1487 423 1523 21.
448 1482 473 1507 ’κ’
497 1482 523 1506 '³‘
