1611 2708
1385 266 1411 283 O

679 284 825 316 mssmz
865 283 915 314 11.
1341 265 1414 311 26.)

195 413 271 454 que
297 398 467 439 Sabinos
489 410 581 436 cum
605 410 626 435 a
648 395 857 435 moenibus
892 393 999 433 urbis
1027 390 1279 446 reppulisset,
1304 390 1416 444 equi-

192 481 274 511 tatu
298 470 397 510 sudit
429 468 614 521 belloque
638 466 800 505 deuicit.
864 466 999 519 Atque
1035 463 1209 504 eundem
1243 462 1418 516 primum

191 543 307 583 ludos
328 539 539 587 maximos,
563 538 628 591 qui
650 537 803 576 romani
827 536 920 576 dicti
957 545 1059 585 sunt,
1083 534 1228 574 secisse
1258 533 1419 587 accepi-

192 627 306 653 mus:
340 611 565 663 aedemque
608 609 646 648 in
681 606 883 661 Capitolio
918 606 1005 646 Ioui
1038 606 1190 659 optimo
1225 605 1419 653 maximo,

191 683 297 724 bello
320 681 471 730 sabino,
494 680 533 720 in
567 680 653 734 ipsa
686 692 820 733 pugna
854 678 1013 717 uouisse
1049 676 1292 726 faciendam,
1315 690 1422 716 mor-

192 764 386 807 tuumque
429 765 518 792 esse
555 765 649 791 cum
682 750 762 789 duo
795 749 845 788 dc
880 748 1142 803 quadraginta
1173 747 1424 801 regnauisset

194 839 332 866 annos.

252 894 372 935 XXI.
426 895 536 934 Tum
560 885 867 943 Laelius‚'nunc
890 892 933 932 fit
955 892 1038 932 illut
1061 891 1228 932 Catonis
1260 891 1424 939 certius,

192 980 268 1007 nec
306 966 498 1020 temporis
535 965 650 1005 unius
684 979 760 1005 nec
795 964 966 1004 hominis
989 978 1077 1004 esse
1101 963 1425 1004 constitutionem

192 1039 250 1079 rei
273 1038 457 1092 publicae
477 1052 486 1077 z
518 1037 776 1092 perspicuum
800 1046 860 1076 est
882 1036 988 1076 enim
1013 1045 1159 1090 quanta
1182 1035 1219 1075 in
1251 1034 1427 1088 singulos

194 1125 311 1165 reges
333 1125 467 1150 rerum
500 1111 697 1150 bonarum
731 1123 772 1149 et
793 1109 947 1150 utilium
980 1109 1049 1149 fiat
1079 1109 1274 1149 accessio.
1342 1109 1427 1149 Sed

195 1184 372 1239 sequitur
392 1184 425 1224 is
449 1184 514 1237 qui
536 1183 631 1223 mihi
654 1184 813 1223 uidetur
836 1197 888 1223 ex
910 1182 1095 1222 omnibus
1129 1182 1166 1221 in
1202 1196 1244 1221 re
1267 1182 1428 1236 publica

195 1256 343 1296 uidisse
378 1256 609 1309 plurimum.
671 1254 732 1294 Ita
755 1263 802 1304 st,
826 1254 951 1308 inquit
976 1254 1129 1307 Scipio.
1195 1253 1304 1293 Nam
1340 1262 1430 1307 post

195 1342 289 1368 eum
314 1327 481 1367 Seruius
518 1326 721 1379 Sulpicius
754 1326 906 1380 primus
940 1325 1089 1365 iniussu
1116 1325 1252 1379 populi
1285 1339 1429 1379 regna-

195 1400 300 1439 uisse
323 1398 516 1438 traditur:
551 1412 671 1451 quem
694 1396 826 1436 ferunt
848 1410 901 1436 ex
925 1410 1042 1436 serua
1063 1397 1334 1449 tarquiniense
1358 1411 1428 1436 na-

194 1480 292 1519 tum,
316 1484 410 1509 cum
445 1478 552 1508 esset
586 1483 638 1508 ex
674 1468 850 1522 quodam
885 1467 989 1520 regis
1019 1467 1165 1507 cliente
1190 1477 1426 1522 conceptus.

194 1539 278 1588 Qui
301 1554 395 1580 cum
418 1538 658 1579 famulorum
680 1553 849 1578 numero
868 1538 1064 1578 educatus
1087 1539 1137 1578 ad
1162 1539 1301 1593 epuias
1324 1539 1430 1593 regis

195 1612 433 1662 adsisteret3
465 1624 544 1651 non
567 1610 678 1650 latuit
705 1610 873 1650 scintilla
907 1610 1067 1664 ingenii,
1093 1624 1195 1664 quae
1232 1611 1311 1650 iam
1345 1620 1429 1651 tuni

197 1683 385 1723 elucebat
407 1682 445 1721 in
467 1696 594 1735 puero
612 1696 621 1720 t
645 1682 701 1721 sic
725 1690 810 1721 erat
831 1682 870 1720 in
892 1682 1000 1721 omni
1023 1682 1089 1721 uel
1111 1683 1244 1722 officio
1263 1683 1328 1722 uel
1347 1697 1430 1722 ser-

195 1766 316 1792 mone
369 1752 524 1792 sollers.
604 1752 744 1805 Itaque
787 1752 1047 1806 Tarquinius,
1091 1754 1157 1807 qui
1211 1754 1429 1794 admodum

196 1837 343 1877 paruos
364 1832 448 1863 tum
470 1823 639 1863 haberet
671 1823 831 1873 liberos,
856 1823 911 1863 sic
937 1823 1126 1863 Seruium
1162 1824 1366 1879 diligebat,
1390 1836 1430 1865 ut

197 1895 229 1934 is
252 1895 338 1934 eius
361 1894 481 1948 uulgo
504 1895 720 1934 haberetur
742 1895 871 1935 filius:
905 1904 1024 1949 atque
1048 1910 1141 1936 eum
1168 1911 1326 1938 summo
1350 1907 1431 1938 stu-

198 1966 264 2006 dio
285 1966 470 2006 omnibus
505 1966 550 2006 iis
585 1966 747 2016 artibus,
772 1980 870 2020 quas
904 1967 989 2021 ipse
1029 1967 1238 2018 didicerat,
1268 1969 1318 2008 ad
1358 1983 1430 2009 ex—

199 2038 493 2092 quisitissimam
517 2037 850 2078 consuetudinem
871 2037 1123 2078 Graecorum
1147 2039 1305 2079 erudiit.
1344 2040 1429 2080 Sed

197 2122 292 2149 cum
313 2108 558 2163 Tarquinius
580 2108 730 2149 insidiis
752 2109 858 2164 Anci
892 2109 1061 2150 filiorum
1096 2111 1309 2161 interisset,
1335 2110 1432 2151 Ser-

198 2180 382 2234 uiusque,
405 2189 448 2220 ut
469 2190 560 2221 ante
584 2181 681 2230 dixi,
705 2195 874 2234 regnare
898 2181 1100 2235 coepisset
1120 2196 1199 2221 non
1222 2182 1330 2222 iussu
1354 2183 1427 2222 sed

197 2253 402 2293 uoluntate
419 2252 552 2306 adque
567 2268 765 2294 concessu
788 2254 937 2294 ciuium
954 2269 965 2304 3
999 2255 1121 2308 quod,
1140 2269 1233 2294 cum
1255 2255 1432 2310 Tarqui-

197 2324 286 2365 nius
308 2338 361 2365 ex
384 2324 550 2365 uulnere
574 2332 696 2379 aeger
718 2324 839 2366 fuisse
863 2335 903 2366 et
924 2325 1063 2366 uiuere
1087 2325 1186 2367 falso
1210 2326 1430 2377 diceretur,
