1611 2708
207 220 292 267 136
611 239 674 269 ms:
711 239 774 270 RE
812 239 1021 272 PVBLICA

195 347 473 403 horribilisque
516 349 646 400 terris,
690 364 811 405 quem
853 351 1045 392 Martium
1080 351 1235 393 dicitis:
1278 353 1425 395 deinde

193 419 330 459 subter
353 420 531 460 mediam
555 420 640 462 sere
659 423 866 476 regionem
886 424 943 464 sol
965 425 1130 475 obtinet,
1155 425 1237 465 dux
1261 435 1301 465 et
1321 427 1429 480 prin-

192 505 290 546 ceps
325 502 365 532 et
386 493 617 534 moderator
649 495 843 536 luminum
866 496 1126 551 reliquorum,
1153 511 1267 537 mens
1289 498 1427 538 mundi

191 572 231 603 et
252 565 508 618 temperatio,
544 575 652 606 tanta
674 567 965 620 magnitudine,
998 579 1042 609 ut
1075 577 1220 608 cuncta
1243 583 1314 608 sua
1336 569 1427 609 luce

188 636 357 676 illustret
379 645 419 676 et
441 638 642 691 conpleat.
708 637 830 679 Hunc
853 649 895 679 ut
917 641 1086 680 comites
1108 650 1424 694 consequuntur,

189 707 288 747 alter
310 707 486 748 Ueneris
509 709 608 749 alter
630 709 824 750 Mercurii
848 726 988 752 cursus
1009 726 1017 751 :
1053 712 1089 752 in
1113 712 1331 766 infimoque
1354 727 1419 752 or—

190 780 238 819 be
262 779 396 830 Luna,
419 781 540 821 radiis
564 782 657 821 solis
679 797 867 832 accensa,
901 784 1161 823 conuertitur.
1224 783 1333 824 Infra
1355 798 1426 824 au-

190 861 270 890 tern
309 852 387 891 iam
411 852 507 892 nihil
543 863 616 903 est,
639 854 713 893 nisi
751 855 919 894 mortale
943 864 983 894 et
1019 855 1235 905 caducum,
1266 866 1426 910 praeter

188 923 343 963 animos
366 924 504 978 generi
527 925 734 965 hominum
758 940 926 966 munere
951 927 1118 967 deorum
1143 927 1283 967 datos:
1306 942 1426 982 supra

187 994 321 1034 lunam
346 1005 436 1036 sunt
470 1006 635 1037 aeterna
671 998 832 1038 omnia:
864 1013 957 1038 nam
997 1013 1046 1038 ea
1069 1013 1172 1053 quae
1208 1009 1268 1039 est
1290 1000 1426 1040 media

185 1075 225 1105 et
247 1081 352 1107 nona
375 1068 506 1119 tellus,
529 1083 663 1123 neque
683 1080 883 1119 mouetur,
907 1071 1098 1111 etinfima
1121 1080 1195 1120 est,
1219 1080 1258 1110 et
1279 1071 1318 1110 in
1335 1085 1425 1113 eam

186 1137 365 1179 feruntur
387 1141 524 1180 omnia
548 1155 622 1181 suo
644 1151 741 1181 nutu
764 1141 961 1196 pondera.

245 1210 408 1252 XVIII.
443 1211 565 1259 Quae
589 1227 685 1253 cum
723 1213 900 1253 intuerer
923 1223 1101 1269 stupens,
1136 1225 1178 1255 ut
1200 1230 1265 1256 me
1288 1215 1426 1270 recepi

188 1283 319 1337 quid?
353 1284 432 1334 hic,
457 1284 637 1338 inquam,
677 1285 764 1339 quis
802 1294 862 1325 est
885 1286 951 1340 qui
974 1287 1152 1341 complet
1186 1288 1292 1328 auris
1314 1303 1427 1328 meas

183 1365 314 1396 tantus
350 1366 390 1396 et
412 1366 493 1397 tam
531 1357 660 1397 dulcis
684 1357 837 1398 sonus?
887 1357 969 1399 Hic
993 1368 1066 1409 est,
1090 1360 1215 1414 inquit
1250 1361 1332 1411 ille,
1358 1360 1423 1415 qui

185 1429 406 1469 interuallis
444 1430 681 1470 coniunctus
716 1430 949 1485 imparibus,
973 1432 1044 1471 sed
1083 1441 1218 1472 tamen
1246 1448 1316 1487 pro
1339 1442 1425 1473 rata

186 1500 366 1553 portione
398 1501 608 1551 distinctis,
647 1502 805 1556 inpulsu
842 1512 881 1542 et
903 1513 1013 1542 motu
1052 1504 1228 1557 ipsorum
1263 1501 1420 1544 orbiitm

181 1572 391 1612 conficitur
412 1587 421 1611 :
446 1573 510 1627 qui
536 1582 653 1613 acuta
676 1588 769 1613 cum
788 1574 990 1627 grauibus,
1014 1584 1261 1628 temperans,
1285 1576 1417 1616 uarios

180 1644 443 1698 aequabiliter
476 1653 697 1684 concentus
721 1645 872 1684 efficit:
905 1659 981 1686 nec
1006 1646 1112 1685 enim
1145 1646 1301 1686 silentio
1324 1647 1419 1687 tanti

185 1725 314 1756 motus
337 1716 492 1756 incitari
516 1725 696 1770 possunt,
732 1719 814 1756 “et
835 1725 977 1758 natura
1000 1716 1077 1757 sert
1099 1727 1141 1757 ut
1162 1728 1345 1759 extrema
1368 1734 1420 1759 ex

181 1788 307 1828 altera
341 1798 455 1842 parte
494 1788 683 1842 grauiter,
707 1803 759 1828 ex
795 1788 920 1828 altera
953 1799 1087 1829 autem
1122 1800 1238 1831 acute
1262 1801 1417 1832 sonent.

180 1860 319 1908 Quam
349 1861 399 1900 ob
424 1875 588 1901 causam
625 1875 805 1900 summus
839 1861 904 1900 ille
928 1862 1029 1901 caeli
1065 1861 1230 1902 stellifer
1261 1878 1417 1914 cursus,

179 1934 292 1973 euius
316 1933 528 1973 conuersio
551 1942 611 1973 est
643 1933 892 1982 concitatior,
918 1942 1036 1973 acuto
1069 1943 1109 1973 et
1132 1934 1308 1974 excitato
1331 1949 1417 1975 mo-

181 2015 296 2045 uetur
331 2019 455 2044 sono:
488 2004 725 2057 grauissimo
759 2013 893 2044 autem
925 2005 990 2045 hic
1023 2005 1171 2046 lunaris
1206 2015 1324 2059 atque
1358 2006 1417 2046 in-

180 2077 324 2116 fimus:
358 2091 451 2116 nam
486 2084 592 2115 terra
615 2090 719 2115 nona
753 2076 953 2116 inmobilis
985 2091 1165 2126 manens,
1201 2077 1282 2117 ima
1319 2078 1417 2118 sede

177 2164 339 2204 semper
382 2149 537 2198 haeret,
582 2148 785 2202 conplexa
828 2148 1007 2188 medium
1051 2148 1189 2188 mundi
1231 2148 1413 2189 loeum.”

173 2221 234 2262 llli
259 2231 394 2260 autem
426 2230 519 2260 octo
543 2234 699 2269 cursus,
723 2220 761 2259 in
801 2220 944 2274 quibus
967 2220 1113 2260 eadem
1147 2220 1208 2259 uis
1231 2230 1291 2260 est
1315 2221 1415 2260 duo-

175 2309 279 2344 rum,
303 2303 462 2348 septem
502 2292 681 2335 efficiunt
713 2292 895 2335 distintos
929 2292 1147 2334 interuallis
1170 2306 1314 2332 sonos:
1347 2292 1409 2346 qui
