1611 2708
1364 233 1385 240 -α

697 250 841 280 LIBER
880 250 931 280 11.
1358 232 1412 278 ol

202 356 284 398 sere
306 367 388 398 tota
409 358 447 397 in
469 358 567 397 mari
590 367 676 397 est:
708 371 784 397 nec
806 366 966 411 praeter
988 355 1211 396 Phliuntios
1233 353 1301 393 ulli
1320 363 1422 402 sunt,

202 442 370 481 quorum
393 428 475 482 agri
497 442 575 467 non
598 428 827 480 contingant
848 441 957 467 mare
979 442 988 466 ε
1020 437 1060 467 et
1082 437 1196 467 extra
1218 425 1422 479 Pelopon-

199 512 340 538 nesum
363 497 541 538 Enianes
559 507 598 537 et
615 497 738 537 Doris
755 507 795 537 et
811 497 994 551 Dolopes
1016 498 1088 537 soli
1111 497 1252 537 absunt
1269 510 1292 536 a
1308 495 1422 535 mari.

200 567 312 615 Quid
334 568 467 608 dicam
489 568 637 608 insulas
660 567 860 608 Graeciae
879 566 896 607 ?
930 581 1032 621 quae
1059 567 1244 607 fluctibus
1266 567 1424 607 cinctae

199 647 335 678 natant
354 652 484 693 paene
516 639 627 693 ipsae
661 638 776 680 simul
807 653 901 678 cum
933 638 1152 678 ciuitatium
1182 638 1365 678 institutis
1387 644 1428 676 et

199 710 390 750 moribus.
453 710 588 765 Atque
610 710 712 750 haec
736 710 913 763 quidem,
935 718 978 749 ut
1007 723 1126 763 supra
1158 709 1256 759 dixi,
1278 708 1429 749 ueteris

200 789 290 819 sunt
308 779 523 820 Graeciae.
587 784 612 803 ‘⁶
632 779 893 820 Coloniarum
916 794 1028 829 uero,
1048 789 1227 833 quaeest
1250 780 1427 819 deducta

201 865 223 891 a
251 851 370 891 Grais
391 852 430 891 in
452 853 607 902 Asiam,
630 852 864 903 Thraciam,
879 852 1077 902 Italiam,''
1102 851 1296 902 Siciliam,
1318 851 1428 892 Afri-

199 935 305 972 cam,
328 931 488 976 praeter
510 937 635 974 unam
652 922 920 977 Magnesiam,
940 937 1060 977 quam
1082 923 1190 963 unda
1210 937 1290 964 non
1313 923 1428 963 adlu-

200 992 274 1033 at?
335 992 397 1033 Ita
431 994 693 1034 barbarorum
731 995 834 1047 agris
872 995 984 1048 quasi
1027 995 1192 1035 adtexta
1229 994 1427 1049 quaedam

202 1067 359 1107 uidetur
395 1081 466 1107 ora
500 1081 589 1108 esse
625 1067 815 1107 Graecia.
879 1067 987 1108 Nam
1010 1082 1032 1107 e
1053 1068 1232 1108 barbaris
1266 1068 1428 1122 quidem

200 1138 295 1192 ipsis
325 1138 420 1178 nulli
453 1148 566 1178 erant
597 1148 714 1178 antea
745 1139 958 1188 maritumi,
981 1148 1140 1192 praeter
1172 1139 1368 1179 Etruscos
1391 1147 1430 1178 et

201 1207 393 1260 Poenos;
426 1209 537 1249 alteri
579 1210 787 1249 mercandi
828 1224 964 1259 causa,
997 1210 1258 1250 latrocinandi
1301 1209 1427 1250 alteri.

203 1278 323 1326 Quae
346 1294 469 1319 causa
490 1280 704 1334 perspicua
737 1289 798 1320 est
833 1280 1029 1320 malorum
1053 1280 1430 1320 commutationum-

203 1364 280 1403 que
305 1350 520 1400 Graeciae,
542 1360 705 1404 propter
727 1365 774 1391 ea
808 1351 903 1391 uitia
935 1351 1223 1391 maritimarum
1257 1352 1429 1399 urbium,

204 1434 306 1474 quae
326 1430 416 1460 ante
432 1421 552 1474 paulo
568 1421 818 1474 perbreuiter
836 1421 972 1474 adtigi.
1037 1421 1122 1461 Sed
1143 1431 1279 1462 tamen
1300 1423 1338 1462 in
1356 1422 1430 1461 hiis

204 1491 307 1532 uitiis
340 1492 442 1531 inest
475 1491 541 1531 illa
574 1505 720 1545 magna
753 1492 1032 1541 commoditas,
1066 1502 1106 1532 et
1140 1493 1248 1546 quod
1281 1493 1429 1546 ubique

203 1562 382 1616 gentium
404 1572 465 1603 est
488 1566 571 1602 “ut
599 1563 649 1602 ad
673 1577 763 1602 eam
792 1563 933 1602 urbem
969 1577 1089 1616 quam
1122 1563 1273 1603 incolas
1306 1564 1431 1617 possit

204 1632 352 1673 adnare
371 1633 408 1671 :’'
441 1643 481 1673 et
501 1648 650 1683 rursus,
673 1642 715 1672 ut
737 1633 776 1673 id
792 1633 898 1687 quod
922 1634 1003 1687 agri
1026 1633 1194 1674 efferant
1216 1635 1289 1685 sui,
1313 1650 1430 1689 quas-

204 1717 381 1757 cumque
404 1703 527 1743 uelint
547 1703 586 1742 in
607 1713 733 1743 terras
754 1713 913 1757 portare
935 1704 1087 1758 possint
1109 1719 1155 1744 ac
1178 1706 1351 1747 mittere.

262 1772 316 1813 V.
371 1758 468 1821 Quix
488 1774 615 1827 potuit
647 1774 763 1827 igitur
798 1774 985 1814 diuinitus
1019 1784 1059 1814 et
1091 1775 1277 1816 utilitates
1320 1791 1431 1817 com-

204 1845 326 1900 plecti
349 1846 566 1886 maritimas
588 1846 788 1887 Romulus
810 1856 850 1887 et
870 1846 966 1886 uitia
987 1846 1145 1887 uitare?
1180 1861 1299 1901 quam
1324 1848 1432 1902 quod

206 1916 347 1956 urbem
368 1918 556 1971 perennis
578 1917 704 1958 amnis
737 1927 778 1958 et
811 1918 1030 1972 aequabilis
1065 1927 1104 1958 et
1137 1918 1176 1958 in
1209 1933 1320 1958 mare
1353 1919 1431 1959 late

207 1987 406 2028 influentis
426 1988 557 2042 posuit
578 1988 617 2028 in
651 1988 749 2042 ripa,
773 2002 852 2042 quo
885 1998 1021 2042 posset
1047 2003 1140 2042 urps
1171 1998 1211 2029 et
1244 1990 1431 2044 accipere

207 2072 261 2098 ex
282 2059 381 2099 mari
416 2073 494 2113 quo
517 2068 669 2113 egeret,
692 2068 732 2099 et
764 2059 936 2099 reddere
961 2073 1038 2113 quo
1060 2060 1331 2100 redundaret:
1363 2075 1433 2101 eo-

207 2130 383 2182 demque
405 2139 448 2169 ut
464 2130 632 2175 flumine
653 2143 718 2170 res
741 2129 791 2170 ad
815 2130 965 2170 uictum
988 2130 1220 2185 cultumque
1255 2132 1432 2172 maxime

207 2200 456 2240 necessarias
477 2215 556 2241 non
578 2201 706 2241 solum
728 2201 827 2242 mari
850 2201 1109 2252 absorberet3
1137 2202 1208 2242 sed
1231 2203 1350 2242 etiam
1373 2203 1432 2242 in-

209 2280 347 2313 uectas
370 2271 573 2325 acciperet
595 2285 647 2313 ex
668 2280 774 2312 terra
792 2286 801 2313 τ
833 2281 874 2313 ut
896 2273 991 2312 mihi
1013 2272 1091 2314 iam
1114 2282 1197 2314 tum
1232 2273 1431 2316 diuinasse
