1611 2708
229 214 316 258 138
642 232 704 262 DE
742 232 804 263 RE
842 224 1077 266 PvssLlcx'

280 336 379 378 XX.
414 337 560 380 Cernis
584 350 717 381 autem
750 343 923 384 eandem
957 354 1104 386 terram
1139 348 1251 400 quasi
1286 348 1448 401 quibus-

222 410 314 450 dam
357 411 583 452 redimitam
627 422 666 452 et
699 414 974 457 circumdatam
1013 416 1209 471 cingulis3
1243 431 1265 457 e
1307 419 1449 472 quibus

219 482 319 523 duos
342 484 519 524 maxime
537 485 639 525 inter
656 499 699 526 se
724 487 919 538 diuersos,
936 497 975 528 et
997 489 1099 530 caeli
1114 490 1332 531 uerticibus
1353 492 1449 546 ipsis

219 568 272 594 ex
295 564 463 610 utraque
484 565 597 610 parte
631 558 836 610 subnixos,
875 560 1095 615 obriguisse
1132 562 1274 616 pruina
1305 563 1449 614 uides;

218 626 399 666 medium
422 637 557 668 autem
585 629 693 669 illum
718 640 758 671 et
791 632 1027 683 maximum,
1063 633 1156 674 solis
1191 635 1335 675 ardore
1368 645 1448 676 tor-

218 701 295 740 reri
315 715 323 739 :
358 701 437 742 (luo
461 712 551 743 sunt
572 703 809 746 habitabiles
828 720 996 760 quorum
1016 707 1197 748 australis
1218 707 1283 748 ille
1306 708 1344 747 in
1368 720 1447 762 quo

219 773 284 826 qui
307 773 503 823 insistunt,
527 775 697 816 aduersa
725 777 838 817 uobis
873 788 1016 831 urgent
1049 779 1230 833 uestigia,
1268 778 1363 818 nihil
1396 778 1449 818 ad

218 853 395 885 uestrum
428 859 581 899 genus:
614 847 678 886 hic
714 858 848 888 autem
884 849 982 889 alter
1017 850 1221 890 subiectus
1258 849 1445 904 aquiloni,

217 930 337 970 quem
361 917 543 969 incolitis,
567 933 688 959 cerne
713 933 834 973 quam
856 921 965 960 tenui
987 934 1059 960 uos
1080 931 1194 975 parte
1217 921 1445 974 contingat:

215 989 344 1029 omnis
367 990 473 1030 enim
496 999 601 1031 terra
625 1005 727 1045 quae
750 992 892 1032 colitur
914 1007 937 1032 a
969 992 1097 1042 uobis,
1125 1001 1292 1046 angusta
1323 992 1444 1032 uerti-

216 1061 343 1112 cibus,
367 1063 556 1103 lateribus
578 1063 705 1113 latior,
728 1078 855 1118 parua
876 1064 1077 1118 quaedam
1110 1064 1238 1104 insula
1260 1073 1333 1113 est,
1367 1063 1445 1103 cir—

215 1133 400 1174 cumfusa
430 1134 496 1174 illo
530 1135 643 1184 mari,
676 1135 784 1189 quod
819 1135 1065 1185 atlanticum,
1101 1134 1209 1189 quod
1238 1148 1444 1189 magnum,

216 1219 336 1259 quem
359 1219 558 1246 oceanum
582 1205 790 1260 appellatis
822 1206 860 1246 in
895 1206 1036 1246 terris:
1070 1206 1135 1260 qui
1169 1215 1304 1247 tamen
1335 1215 1445 1247 tanto

214 1277 375 1317 nomine
400 1291 519 1331 quarn
543 1277 591 1317 sit
625 1291 787 1331 paruus,
822 1277 953 1317 uides.
1017 1276 1086 1318 Ex
1108 1277 1168 1318 his
1201 1278 1296 1332 ipsis
1328 1277 1444 1318 cultis

211 1349 395 1403 notisque
418 1350 548 1400 terris,
570 1363 665 1389 num
700 1358 766 1389 aut
787 1358 900 1389 tuum
923 1358 989 1389 aut
1005 1350 1242 1404 cuiusquam
1264 1358 1442 1390 nostrum

211 1436 359 1462 nomen
383 1422 448 1461 uel
472 1420 705 1462 Caucasum
722 1421 842 1471 hunc,
860 1435 980 1475 quem
996 1422 1140 1471 cernis,
1155 1421 1442 1462 transcendere

211 1496 351 1549 potuit,
374 1495 437 1534 vel
476 1495 585 1535 illum
622 1494 809 1547 Gangem
842 1493 1122 1534 transnatara?
1157 1494 1244 1547 quis
1278 1494 1317 1532 in
1350 1492 1442 1533 reli-

213 1568 300 1621 quis
333 1567 495 1606 orientis
531 1576 598 1606 aut
631 1566 815 1605 obeuntis
849 1565 942 1605 solis
980 1565 1125 1605 ultimis
1149 1574 1215 1604 aut
1248 1564 1443 1618 aquilonis

212 1640 387 1680 austriue
411 1639 588 1693 partibus
614 1647 726 1677 tuum
763 1650 912 1677 nornen
934 1636 1102 1677 audiet?
1136 1637 1280 1691 quibus
1303 1650 1442 1691 ampu-

210 1712 315 1761 tatis,
334 1710 465 1751 cernis
488 1708 684 1764 profecto,
709 1708 864 1763 quantis
886 1708 923 1748 in
955 1708 1144 1761 angustiis
1165 1717 1300 1748 uestra
1318 1709 1443 1762 gloria

212 1798 254 1824 se
279 1782 433 1823 dilatari
456 1781 566 1821 uelit.
630 1780 710 1834 Ipsi
734 1788 882 1829 autem,
906 1779 972 1834 qui
997 1779 1046 1819 de
1070 1779 1184 1819 uobis
1211 1779 1440 1834 loquuntur,

213 1855 405 1910 quamdiu
428 1854 640 1907 loquentur
659 1851 675 1891 ἓ

270 1926 392 1968 ΧΧΙ.
427 1924 538 1973 Quin
569 1924 689 1964 etiam
720 1924 750 1963 si
785 1923 919 1977 cupiat
952 1923 1086 1976 proles
1119 1922 1183 1962 illa
1218 1921 1438 1963 futurorum

212 2000 419 2041 hominum
453 1997 646 2050 deinceps
680 1995 821 2035 laudes
857 1994 1170 2049 uniuscuiusque
1206 2002 1385 2034 nostrum
1418 2007 1439 2034 a

215 2072 390 2126 patribus
432 2078 622 2122 acceptas
663 2067 834 2121 posteris
874 2066 1062 2120 prodere,
1104 2075 1237 2106 tamen
1277 2075 1439 2120 propter

213 2143 422 2184 eluuiones
445 2139 756 2192 exustionesque
774 2147 985 2187 terrarum,
1006 2150 1104 2190 quas
1127 2137 1314 2177 accidere
1337 2146 1439 2177 tem-

212 2229 310 2271 pore
334 2222 445 2255 certo
467 2225 635 2252 necesse
671 2218 745 2260 est,
767 2222 846 2249 non
882 2209 1004 2249 modo
1034 2217 1252 2258 aeternam,
1283 2207 1355 2248 sed
1387 2220 1437 2247 ne

215 2287 440 2327 diuturnam
465 2283 627 2339 quidem
649 2281 816 2335 gloriam
839 2280 1003 2333 adsequi
1035 2293 1259 2334 possumus.
1324 2277 1433 2326 Quid
