1611 2708
630 250 776 281 Lrssssn
818 249 882 280 vr.
1293 233 1375 278 127

151 361 305 403 facinus
323 357 531 413 impellunt
553 374 637 411 eos,
654 374 753 414 quos
776 359 975 400 illecebris
997 360 1077 399 suis
1099 356 1376 398 incenderunt.

150 434 318 476 Nonius
339 448 426 474 uoc.
451 432 617 489 expleri.
641 432 663 453 ²*
686 433 707 454 ²*

210 505 232 527 *⁸
254 506 275 527 '³⁶
297 505 350 546 ΙΙ.
403 504 528 553 Quod
564 505 727 559 quidem
762 518 810 545 eo
845 504 917 545 suit
952 505 1094 555 maius,
1130 503 1222 558 quia
1257 517 1381 558 quum

151 592 274 621 causa
296 579 381 632 pari
403 578 584 631 collegae
609 586 756 626 essent,
779 591 857 616 non
880 576 1001 616 modo
1023 575 1173 616 inuidia
1195 576 1279 630 pari
1302 589 1380 615 non

152 662 279 703 erant,
304 651 375 693 sed
399 650 519 691 etiam
542 648 706 690 Claudii
728 648 919 688 inuidiam
943 646 1120 687 Gracchi
1143 648 1287 687 caritas
1310 647 1382 686 de-

151 725 407 780 precabatur.
477 720 645 762 Nonius
679 734 767 760 uoc.
803 719 1007 775 deprecor,
1037 726 1073 760 et
1112 718 1272 761 Gellius
1300 718 1379 761 VI.

157 797 223 836 16.
249 794 269 815 *⁵
292 793 313 815 ²¹²

211 866 232 887 ²*
255 866 276 887 ³“
299 864 382 913 Qui
426 879 594 905 numero
635 864 872 918 optimatum
907 873 947 904 et
979 864 1202 919 principum
1241 865 1382 906 obtulit

151 939 212 979 his
243 938 438 989 uocibus3
471 948 511 977 et
532 937 734 991 grauitatis
772 951 868 977 suae
890 936 1002 990 liquit
1028 937 1137 977 illum
1165 937 1319 978 tristem
1342 945 1382 977 et

150 1010 315 1065 plenum
338 1009 537 1064 dignitatis
558 1023 716 1050 sonum.
779 1008 947 1049 Nonius
969 1024 1055 1050 uoc.
1081 1009 1206 1050 triste.
1230 1012 1251 1033 δ’*
1274 1008 1296 1031 *

211 1088 232 1110 ³¹²
255 1084 276 1106 ²*
298 1080 368 1130 Ut,
394 1081 738 1135 quemadmodum
771 1082 906 1122 scribit
931 1082 1011 1131 ille,
1027 1083 1228 1123 cotidiano
1260 1084 1299 1123 in
1322 1081 1381 1124 fo-

152 1166 242 1192 rum
264 1152 371 1192 mille
394 1152 599 1192 hominum
624 1166 718 1192 cum
750 1153 879 1206 palliis
905 1154 1118 1208 conchylio
1154 1155 1286 1195 tinctis
1310 1155 1381 1195 de-

153 1225 408 1265 scenderent.
471 1222 639 1264 Nonius
661 1222 710 1262 de
732 1237 840 1264 num.
865 1230 901 1264 et
923 1238 1001 1264 cas.
1027 1230 1048 1252 ³*
1070 1232 1092 1254 ²*

212 1296 234 1318 ³*
256 1296 278 1317 ²¹²
300 1295 345 1336 In
367 1295 441 1345 his,
459 1305 502 1336 ut
533 1295 762 1346 memmius,
786 1309 984 1336 concursu
1019 1296 1247 1338 lenissimae
1279 1298 1381 1338 mul—

153 1368 330 1410 titudinis
352 1376 392 1407 et
414 1381 508 1407 aere
531 1376 725 1421 congesto
760 1366 877 1407 funus
912 1368 962 1407 de
986 1368 1114 1409 subito
1137 1380 1243 1410 esset
1264 1384 1382 1411 orna-

153 1448 252 1480 tum.
314 1438 482 1486 Nonius
503 1453 590 1479 uoc.
615 1438 662 1478 de
683 1437 828 1478 subito.
854 1438 880 1462 ἥ
904 1439 929 1462 ³⁶

213 1512 239 1535 ἥ
262 1511 288 1535 ³*
312 1509 500 1551 Firmiter
523 1510 629 1550 enim
650 1510 825 1550 maiores
844 1511 965 1550 nostri
988 1511 1157 1553 stabilita
1177 1514 1384 1555 matrimo-

153 1584 219 1624 'nia
241 1597 330 1623 esse
353 1583 580 1622 uoluerunt.
642 1580 810 1622 Nonius
833 1596 920 1622 uoc.
931 1579 1123 1637 firmiter,
1146 1591 1182 1624 et
1198 1584 1382 1626 Priscia-

156 1669 230 1696 nas
260 1653 329 1694 lib.
356 1652 463 1693 XV.
480 1667 528 1708 p.
558 1656 682 1692 1010.
708 1653 733 1676 ÷÷
757 1652 783 1676 ’ἥ

214 1725 240 1750 ³*
264 1725 290 1750 ’κ
313 1725 454 1766 Oratio
483 1733 593 1765 extat
627 1723 757 1774 Laeli,
781 1738 901 1778 quam
934 1739 1075 1766 omnes
1110 1726 1320 1779 habemus,
1343 1730 1382 1770 in

156 1798 353 1847 manibus,
389 1811 509 1851 quam
536 1796 734 1850 simpuuia
769 1796 1003 1850 pontificum
1041 1798 1116 1838 diis
1149 1799 1383 1841 immortali-

155 1870 230 1910 bus
272 1878 383 1923 grata
424 1869 500 1909 sint
536 1867 783 1921 samiaeque‚
807 1877 848 1907 ut
880 1868 933 1908 ibi
968 1869 1116 1920 scribit,
1146 1871 1379 1925 capedines.

155 1939 324 1981 Nonius
345 1953 432 1980 που.
456 1938 635 1979 samium.
661 1938 686 1962 ἥ
710 1938 736 1963 ‘³⁶

217 2012 242 2036 ἦ
266 2011 291 2035 ³⁶
313 2012 387 2052 ΙΙΙ.
440 2010 665 2051 Imitatione
689 2009 869 2052 Platonis
892 2010 1043 2052 Cicero
1067 2012 1117 2053 de
1148 2028 1191 2053 re
1222 2015 1383 2069 publica

151 2085 349 2135 scribens,
372 2085 505 2125 locum
529 2085 648 2125 etiam
673 2084 723 2124 de
747 2083 840 2124 Eris
874 2084 1077 2139 pamphyli
1109 2086 1239 2126 reditu
1261 2086 1300 2126 in
1322 2088 1384 2128 ui-

154 2166 251 2207 tam,
276 2157 355 2211 qui,
378 2166 421 2197 ut
454 2157 520 2208 ait,
555 2171 653 2211 rogo
683 2157 891 2211 impositus
924 2156 1153 2207 reuixisse-25,
1176 2157 1382 2213 multaque

156 2229 207 2268 de
229 2227 366 2268 inferis
384 2238 540 2269 secreta
561 2239 775 2279 narrasset,
798 2244 876 2269 non
899 2228 1094 2280 fabulosa,
1119 2238 1160 2269 ut
1180 2229 1261 2281 ille,
1286 2231 1382 2271 assi-

154 2300 357 2342 milatione
381 2312 634 2343 commentus
656 2311 730 2353 est,
753 2302 826 2343 sed
849 2302 1017 2344 sollertis
1040 2301 1181 2343 somnii
1210 2303 1382 2344 rationa-
