1611 2708
660 250 806 282 LIBER
844 251 895 282 11.
1310 231 1391 284 ‘67

164 361 309 415 soluit;
340 370 382 404 et
402 361 579 403 colonias
601 360 798 413 deduxit3
825 370 865 402 et
886 360 1069 402 institutis
1090 373 1245 410 eorum,
1261 374 1284 401 a
1306 360 1392 415 qui-

163 435 238 476 bus
259 443 368 475 ortus
390 443 488 483 erat,
512 433 616 474 dona
650 433 877 486 magnifica,
901 433 1013 487 quasi
1035 432 1252 474 libamenta
1274 446 1392 487 prae-

163 507 320 556 darum,
343 505 528 559 Delphos
550 504 602 545 ad
624 503 855 558 Apollinem
877 504 996 544 misit.

223 575 364 618 XXV.
419 574 500 616 Hic
518 575 582 616 ille
600 575 680 615 iam
703 583 881 616 uertetur
898 575 1018 625 orbis,
1038 576 1151 616 cuius
1168 575 1392 617 naturalem

163 656 317 689 motum
339 647 472 701 adque
507 647 718 687 circuitum
756 660 778 687 a
812 646 941 700 primo
976 646 1118 686 discite
1155 659 1391 700 agnoscere.

162 719 210 761 Id
233 720 341 760 enim
359 728 419 760 est
435 728 557 774 caput
572 719 700 759 ciuilis
721 717 974 772 prudentiae,
991 717 1030 757 in
1049 731 1127 771 qua
1143 718 1273 758 omnis
1291 718 1394 758 haec

163 799 300 832 nostra
321 799 503 831 uersatur
525 790 666 839 oratio,
689 789 828 829 uidere
852 789 992 829 itinera
1022 787 1234 843 flexusque
1258 803 1394 830 rerum

163 862 430 920 publicarum,
453 872 496 902 ut
516 876 610 903 cum
649 863 782 903 sciatis
805 875 883 916 quo
907 875 1090 916 quaeque
1123 875 1188 901 res
1217 861 1394 911 inclinet,

167 934 343 975 retinere
361 943 428 974 aut
449 942 540 974 ante
558 934 716 988 possitis
733 947 964 974 occurrere.
1027 932 1136 973 Nam
1158 947 1232 973 rex
1247 933 1326 983 ille,
1343 933 1395 974 de

164 1018 244 1060 quo
265 1004 421 1060 loquor,
444 1005 617 1059 primum
639 1005 778 1059 optimi
799 1005 905 1059 regis
927 1004 1056 1045 caede
1078 1005 1318 1055 maculatus,
1335 1006 1396 1045 in-

163 1085 278 1130 tegra
298 1085 433 1116 mente
456 1090 535 1116 non
558 1085 644 1116 erat
660 1091 673 1128 3
705 1084 746 1116 et
767 1089 860 1116 cum
882 1085 1082 1116 metueret
1110 1076 1196 1130 ipse
1218 1091 1393 1131 poenam

164 1146 328 1188 sceleris
350 1148 409 1188 sui
432 1161 644 1197 summam,
666 1147 790 1187 metui
812 1160 856 1187 se
879 1147 1054 1187 uolebat.
1118 1146 1282 1188 Deinde
1305 1149 1392 1189 uic-

164 1218 274 1259 toriis
308 1219 535 1272 diuitiisque
573 1218 768 1259 subnixus
789 1217 995 1258 exultabat
1015 1217 1238 1268 insolentia,
1261 1232 1396 1273 neque

167 1303 260 1331 suos
293 1303 428 1331 mores
460 1303 603 1344 regere
633 1298 802 1344 poterat,
823 1302 957 1343 neque
995 1302 1159 1329 suorum
1193 1289 1394 1331 libidines.

164 1360 306 1415 Itaque
344 1374 438 1401 cum
474 1361 601 1401 maior
638 1360 724 1400 eius
759 1360 863 1400 filius
899 1358 1133 1410 Lucretiae,
1168 1360 1396 1416 Tricipitini

164 1430 285 1481 filiae,
309 1429 513 1471 Conlatini
551 1432 682 1480 uxori,
704 1431 788 1470 uim
822 1430 1030 1481 attulisset,
1057 1431 1281 1486 mulierque
1319 1447 1394 1487 pu-

166 1501 266 1543 dens
289 1511 329 1542 et
349 1502 492 1543 nobilis
513 1501 564 1543 ob
588 1501 697 1542 illam
718 1501 903 1542 iniuriam
926 1515 1016 1542 sese
1039 1502 1126 1556 ipsa
1146 1512 1276 1543 morte
1293 1503 1396 1544 mul-

164 1574 356 1615 tauisset:
387 1583 472 1615 tum
494 1574 555 1615 uir
575 1574 735 1628 ingenio
753 1582 793 1613 et
813 1574 959 1614 uirtute
981 1583 1190 1628 praestans
1211 1573 1264 1615 L.
1288 1573 1396 1616 Bru-

166 1654 230 1686 tus
253 1646 405 1700 depulit
427 1660 450 1686 a
471 1646 626 1686 ciuibus
648 1646 729 1686 suis
750 1645 938 1686 iniustum
971 1645 1057 1686 illut
1078 1646 1203 1687 durae
1226 1648 1396 1687 seruitu-

167 1716 215 1756 tis
237 1716 402 1770 iugu1n3
435 1717 500 1770 qui
523 1731 616 1757 cum
645 1717 823 1770 priuatus
846 1726 965 1767 esset,
987 1726 1112 1758 totam
1145 1732 1231 1759 rem
1265 1719 1396 1773 publi-

168 1799 259 1827 cam
298 1787 506 1840 sustinuit3
537 1789 770 1842 primusque
803 1788 843 1828 in
876 1788 953 1829 hac
988 1789 1149 1829 ciuitate
1185 1790 1334 1841 docuit,
1356 1791 1396 1831 in

168 1859 449 1899 conseruanda
470 1860 619 1900 ciuium
641 1859 822 1901 libertate
841 1873 930 1900 esse
951 1861 1152 1914 priuatum
1173 1862 1393 1903 neminem.

170 1928 309 1977 “Quo
347 1941 511 1972 auctore
549 1941 589 1972 et
623 1932 804 1987 principe
841 1932 1041 1973 concitata
1066 1933 1235 1974 ciuitas’'
1257 1944 1298 1975 et
1318 1935 1395 1977 hac

168 2003 320 2043 recenti
362 2003 541 2058 querella
577 2003 795 2045 Lucretiae
827 2004 950 2058 patris
983 2018 1031 2045 ac
1064 2005 1394 2060 propinquorum,

170 2083 210 2114 et
249 2076 528 2117 recordatione
581 2076 792 2131 superbiae
838 2077 1050 2133 Tarquinii
1097 2078 1395 2133 multarumque

169 2145 402 2187 iniuriarum
445 2157 485 2188 et
520 2149 643 2203 ipsius
680 2158 720 2190 et
755 2149 941 2201 filiorum,
979 2149 1143 2191 exulem
1180 2159 1219 2190 et
1255 2164 1395 2205 regem

168 2216 299 2271 ipsum
321 2227 362 2260 et
390 2218 537 2262 liberos
568 2221 656 2263 eius
689 2230 730 2263 et
761 2231 923 2277 gentem
956 2220 1270 2278 Tarquiniorum
1302 2235 1394 2263 esse

170 2298 295 2331 iussit.
