1611 2708
1325 201 1337 217 ἢ

1343 199 1352 214 -

642 210 782 250 LIBER
821 217 851 248 1.
1293 200 1322 244 ³3

1325 218 1354 245 0

252 330 373 370 Nulla
395 328 506 382 regni
530 337 667 368 sancta
689 328 859 368 societas
881 340 957 367 nec
979 325 1080 366 fides
1102 334 1175 365 est.

135 397 275 449 Quare
298 415 390 441 cum
423 400 490 439 lex
512 399 560 438 sit
581 399 708 438 ciuilis
731 398 930 437 societatis
963 396 1182 446 uinculum,
1205 395 1264 435 ius
1287 408 1359 434 au-

133 483 215 513 tem
257 472 354 526 legis
388 469 571 524 aequale,
610 483 689 524 quo
722 470 807 509 iure
843 470 1013 509 societas
1050 469 1197 509 ciuium
1231 467 1356 508 teneri

138 553 282 598 potest,
318 557 410 582 cum
445 556 516 596 par
537 555 615 582 non
650 541 698 581 sit
719 541 904 581 condicio
938 539 1122 580 ciuium?
1186 539 1230 579 Si
1252 538 1358 579 enim

134 614 327 669 pecunias
350 613 512 668 aequari
534 626 613 652 non
635 611 796 667 placet3
818 611 849 652 si
870 611 1030 665 ingenia
1050 610 1227 650 omnium
1249 608 1360 664 paria

136 699 224 725 esse
248 699 325 724 non
348 693 539 739 possunt3
571 684 654 724 iura
678 692 787 723 certe
810 684 921 738 paria
944 683 1092 723 debent
1114 696 1202 722 esse
1221 694 1360 721 eorum

134 757 237 796 inter
271 770 328 806 se,
353 757 418 810 qui
453 765 542 796 sunt
563 756 673 796 ciues
696 755 734 795 in
769 755 912 794 eadem
946 768 988 794 re
1011 753 1185 808 publica.
1249 749 1363 799 Quid

137 835 197 867 cst
219 827 325 867 enim
348 827 504 877 ciuitas,
538 827 611 867 nisi
633 826 728 866 iuris
751 825 953 867 societas?
959 856 1113 866 .....

503 941 735 972 Desiderantur
751 943 888 982 paginae
901 943 993 972 duae.

197 1043 405 1085 XXXIII.
440 1043 612 1086 Ceteras
629 1059 727 1086 uero
749 1059 813 1085 res
830 1044 1010 1099 publicas
1032 1058 1082 1084 ne
1106 1042 1366 1098 appellandas

140 1116 302 1170 quidem
325 1125 465 1171 putant
500 1117 546 1157 iis
568 1117 794 1157 nominibus
827 1117 969 1171 quibus
1003 1101 1092 1156 illae
1116 1130 1204 1156 sese
1228 1114 1366 1169 appel-

140 1187 208 1226 lari
244 1187 381 1226 uelint.
446 1186 533 1228 Cur
555 1188 661 1227 enim
694 1202 833 1241 regem
868 1187 1067 1242 appellem
1100 1186 1207 1227 Iouis
1229 1185 1366 1240 optimi

140 1258 301 1298 nomine
323 1258 527 1298 hominem
556 1259 785 1299 dominandi
809 1259 999 1313 cupidum
1024 1267 1090 1301 aut
1110 1258 1265 1312 imperii
1289 1257 1367 1297 sin-

141 1328 301 1384 gularis,
336 1330 485 1383 populo
507 1344 701 1384 oppresso
736 1329 1022 1379 dominantem,
1056 1343 1135 1369 non
1156 1338 1368 1383 tyrannum

140 1399 306 1454 potius?
339 1409 421 1440 tam
455 1401 562 1441 enim
585 1414 674 1440 esse
709 1400 889 1440 clemens
925 1410 1117 1454 tyrannus
1154 1413 1273 1454 quam
1295 1413 1368 1438 rex

133 1467 390 1525 ffinportunus
422 1481 579 1526 potest3
613 1481 654 1512 ut
676 1472 752 1512 hoc
775 1472 1013 1526 populorum
1050 1471 1215 1520 intersit,
1238 1479 1370 1510 utrum

143 1543 249 1584 comi
285 1544 447 1583 domino
482 1558 530 1584 an
555 1558 698 1599 aspero
733 1544 936 1595 seruiant3
972 1543 1065 1597 quin
1089 1542 1263 1582 seruiant
1285 1541 1370 1595 qui-

145 1611 239 1655 d'em
260 1614 346 1655 fieri
378 1630 456 1656 non
478 1625 622 1670 potest.
686 1615 782 1663 Quo
806 1625 939 1655 autem
971 1615 1093 1654 modo
1111 1614 1276 1668 adsequi
1300 1629 1372 1668 po-

144 1696 246 1726 terat
280 1686 571 1727 Lacaedemon
603 1687 668 1727 illa
700 1697 785 1726 tum
807 1701 900 1726 cum
923 1695 1126 1740 praestare
1160 1685 1373 1739 putabatur

147 1757 356 1810 disciplina
378 1759 433 1797 rei
467 1759 666 1812 publicae,
689 1767 731 1797 ut
751 1757 866 1798 bonis
898 1766 1075 1796 uteretur
1096 1756 1286 1809 iustisque
1308 1770 1374 1795 re-

146 1828 275 1882 gibus,
299 1843 392 1868 cum
415 1832 521 1869 ess‘et
543 1830 752 1869 habendus
774 1844 847 1869 rex
871 1829 1114 1883 quicumque
1138 1841 1286 1881 genere
1309 1840 1373 1867 re-

148 1899 212 1952 gio
233 1896 348 1939 natus
372 1900 512 1940 esset?
574 1900 683 1943 Nam
717 1901 916 1955 optimatis
949 1900 1112 1954 quidem
1150 1899 1236 1953 quis
1259 1898 1375 1948 ferat,

138 1967 215 2024 'qui
266 1987 344 2012 non
395 1973 530 2027 populi
583 1987 794 2022 concessu,
847 1982 908 2012 set
959 1972 1039 2012 suis
1080 1971 1250 2011 comitiis
1296 1971 1373 2010 hoc

150 2042 222 2082 sibi
264 2057 411 2084 nomen
463 2045 758 2099 adifiogauerunt
780 2043 796 2084 ?
861 2047 885 2066 “
905 2042 988 2091 Qui
1022 2043 1127 2084 enim
1178 2042 1375 2082 iudicatur

150 2112 223 2152 iste
246 2114 634 2169 optimuszdoctrina,
668 2116 828 2167 artibus,
853 2115 991 2157 studiis
1014 2115 1030 2156 ?
1092 2114 1228 2156 Audio
1251 2127 1376 2170 quan·

152 2183 231 2224 do’'
257 2215 409 2227 .....
