1611 2708
178 245 243 293 66
293 247 300 253 ”
597 265 659 296 m:
697 265 760 297 RE
797 266 1005 299 Pvssch

178 372 334 413 niorum
367 383 407 413 et
439 374 478 413 in
516 372 925 429 Karthaginiensium,
959 387 1002 418 ut
1037 386 1261 433 temperata
1295 382 1404 424 nullo

179 441 325 483 fuerint
345 444 481 484 modo.
545 444 653 486 Nam
676 446 714 486 in
734 461 812 502 qua
827 461 871 488 re
888 449 1050 504 publica
1065 460 1127 492 est
1142 466 1244 492 unus
1262 451 1403 507 aliquis

177 524 373 569 perpetua
393 525 606 570 potestate,
619 519 855 572 praesertim
877 521 1000 575 regia,
1020 523 1203 576 quamuis
1225 523 1264 563 in
1283 537 1332 566 ea
1354 524 1404 566 sit

178 596 217 627 et
239 596 413 638 senatus,
436 597 478 628 ut
498 599 580 629 tum
606 587 677 630 suit
711 590 870 632 Romae
906 607 999 633 cum
1033 603 1145 634 erant
1182 609 1299 648 reges
1317 610 1329 646 3
1361 604 1404 635 ut

180 657 350 711 Spartae
374 658 553 715 Lycurgi
576 660 730 715 legibus
754 672 792 703 et
827 673 869 703 ut
906 664 955 704 sit
989 664 1150 718 aliquod
1177 666 1297 706 etiarn
1331 679 1403 720 po-

178 730 258 783 puli
281 730 354 781 ius,
377 741 420 771 ut
441 730 512 772 fuit
534 741 629 787 aput
649 742 804 774 nostros
825 748 970 788 rege53
1001 744 1135 775 tamen
1157 735 1243 776 illut
1264 736 1403 777 excel-

178 800 221 840 lit
241 802 395 855 regium
422 817 597 855 nomen3
628 807 759 858 neque
782 814 914 859 potest
936 806 1133 848 eiusmodi
1155 820 1219 847 res
1241 807 1404 862 publica

178 887 256 913 non
278 888 445 927 regnum
469 885 508 915 et
529 889 618 916 esse
641 885 680 916 et
701 877 852 916 uocari.
916 875 981 917 Ea
1003 886 1137 918 autem
1159 877 1287 919 forma
1303 878 1402 919 ciui-

177 945 267 985 tatis
288 946 486 986 mutabilis
503 947 680 987 maxime
699 957 759 988 est
779 947 883 988 hanc
900 948 951 988 ob
969 962 1148 998 causam,
1164 949 1271 1004 quod
1287 949 1403 990 unius

179 1017 273 1057 uitio
294 1018 555 1071 praecipitata
576 1019 614 1059 in
636 1019 1014 1073 perniciosissimam
1036 1030 1192 1074 partem
1214 1019 1401 1060 facillime

179 1089 343 1130 decidit.
407 1090 515 1130 Nam
538 1092 667 1144 ipsum
689 1091 823 1145 regale
842 1105 968 1144 genus
989 1092 1160 1132 ciuitatis
1180 1105 1258 1132 non
1281 1092 1402 1132 modo

178 1174 255 1200 non
279 1169 338 1200 est
367 1161 761 1215 reprehendendum,
786 1162 858 1202 sed
893 1161 1001 1202 haud
1039 1162 1122 1202 scio
1157 1177 1206 1202 an
1240 1162 1403 1216 reliquis

178 1230 424 1284 simplicibus
446 1232 562 1285 longe
587 1232 911 1286 anteponendum
932 1247 944 1283 3
975 1233 1006 1272 si
1030 1233 1154 1272 ullum
1188 1234 1403 1287 probarem

179 1302 350 1356 simplex
373 1303 430 1342 rei
457 1303 641 1357 publicae
676 1317 816 1357 genus.
881 1302 966 1344 Sed
1000 1304 1054 1343 ita
1088 1304 1220 1358 quoad
1258 1312 1404 1344 statum

179 1389 296 1414 suum
318 1375 487 1415 retinet:
519 1375 552 1415 is
573 1384 632 1415 est
654 1383 788 1415 autem
821 1383 958 1424 status,
982 1384 1024 1415 ut
1057 1375 1173 1416 unius
1207 1384 1404 1429 perpetua

182 1454 375 1499 potestate
399 1454 439 1485 et
459 1445 603 1485 iustitia
624 1446 813 1499 omnique
840 1446 1033 1499 sapientia
1055 1456 1215 1499 regatur
1238 1447 1342 1486 salus
1364 1455 1406 1487 et

180 1516 441 1569 aequabilitas
463 1525 503 1556 et
523 1517 646 1556 otium
670 1516 833 1556 ciuium.
897 1515 1056 1556 Desunt
1089 1517 1251 1557 omnino
1273 1517 1309 1556 ei
1331 1530 1403 1571 po—

179 1587 275 1641 pulo
297 1588 420 1627 multa
455 1588 521 1641 qui
554 1587 626 1627 sub
661 1601 757 1641 rege
792 1596 864 1637 est,
887 1587 925 1626 in
961 1587 1178 1640 primisque
1212 1587 1404 1638 libertas3

182 1672 284 1711 quae
306 1672 384 1698 non
407 1659 446 1698 in
469 1672 518 1699 eo
540 1667 601 1699 est
621 1667 664 1698 ut
683 1659 786 1698 iusto
808 1667 965 1698 utamur
983 1658 1159 1708 domino,
1177 1668 1238 1699 set
1258 1668 1301 1699 ut
1315 1658 1403 1699 nul·

182 1728 220 1770 lo
246 1760 399 1771 .....

546 1846 779 1878 Desiderantur
794 1846 934 1886 paginae
949 1846 1042 1876 duae.

241 1947 402 1990 XXIV.
430 1980 438 1988 .
465 1980 474 1989 .
501 1979 510 1989 .
531 1947 726 1990 serebant.
801 1945 966 1988 Etenim
999 1948 1052 1988 illi
1088 1948 1233 1988 iniusto
1275 1947 1402 1988 domi-

182 2035 234 2064 no
256 2030 374 2075 atque
398 2020 545 2061 acerbo
563 2019 805 2074 aliquamdiu
827 2019 866 2058 in
887 2020 1007 2059 rebus
1028 2018 1216 2072 gerundis
1236 2031 1404 2073 prospe-

184 2106 227 2133 re
251 2091 406 2132 fortuna
427 2091 615 2132 comitata
637 2099 711 2130 est.
774 2089 881 2131 Nam
904 2098 944 2130 et
971 2103 1090 2130 omne
1113 2088 1275 2129 Latium
1297 2088 1406 2129 bello

185 2164 349 2213 defficit,
372 2171 412 2203 et
442 2162 634 2203 Suessam
664 2160 891 2201 Pometiam
925 2161 1065 2201 urbem
1087 2160 1318 2214 opulentam
1340 2172 1404 2200 re-

186 2234 410 2288 fer-tamque
431 2234 566 2288 cepit;
597 2241 636 2273 et
657 2233 834 2272 maxima
871 2232 953 2272 auri
989 2232 1222 2286 argentique
1251 2231 1404 2286 praeda

186 2306 451 2361 locupletatus
473 2314 609 2348 uotum
629 2304 752 2362 patris
772 2302 960 2361 Capitolii
998 2303 1276 2347 aedificatione
1311 2315 1402 2358 per-
