2912 4368
1320 958 1381 1003 84
1732 969 1794 999 DE
1831 968 1893 998 RE
1931 967 2138 998 Pvssch

1322 1081 1451 1131 nobis,
1475 1088 1542 1121 aut
1575 1087 1733 1119 nostrae
1768 1076 1949 1117 subiecta
1978 1077 2053 1116 sint
2085 1075 2269 1130 potestati
2292 1082 2361 1116 etc.
2424 1074 2541 1116 Plato

1319 1162 1484 1193 naturae
1507 1150 1652 1204 gratias
1675 1148 1767 1202 egit,
1792 1148 1899 1202 quod
1921 1148 2042 1188 homo
2063 1157 2178 1187 natus
2200 1156 2306 1188 esset
2323 1153 2392 1187 etc.
2436 1146 2541 1188 Lac-

1322 1221 1473 1264 tantius
1496 1220 1543 1261 de
1566 1218 1725 1275 opificio
1747 1217 1832 1260 Dei
1853 1234 1940 1274 cap.
1964 1218 2047 1259 III.
2073 1219 2098 1242 ἦ
2123 1219 2148 1242 '³‘

1439 1337 1671 1366 Desiderantur
1686 1335 1824 1375 paginae
1840 1345 1898 1366 nec
1914 1336 2018 1366 minus
2034 1341 2171 1374 quatuor
2186 1345 2244 1366 nec
2260 1337 2330 1374 plus
2348 1341 2430 1367 octo.

1380 1438 1433 1478 II.
1460 1469 1470 1478 .
1495 1468 1505 1478 .
1533 1469 1541 1478 .
1567 1447 1607 1478 et
1627 1438 1823 1478 uehiculis
1845 1437 2044 1477 tarditati:
2071 1437 2297 1491 eademque
2316 1452 2408 1478 cum
2428 1452 2545 1478 acce—

1322 1510 1445 1565 pisset
1465 1510 1647 1550 homines
1670 1509 1881 1550 inconditis
1915 1509 2081 1548 uocibus
2103 1509 2332 1548 incohatum
2356 1509 2546 1563 quiddam

1323 1592 1362 1622 et
1384 1581 1594 1622 confusum
1617 1581 1805 1630 sonantis,
1829 1580 1966 1621 incidit
1987 1580 2058 1620 has
2081 1589 2120 1619 et
2142 1580 2319 1620 distinxit
2340 1580 2377 1620 in
2398 1581 2547 1635 partis3

1324 1662 1364 1693 et
1386 1663 1427 1693 ut
1449 1654 1560 1707 signa
1583 1653 1797 1707 quaedam,
1816 1652 1873 1692 sic
1895 1651 2021 1691 uerba
2042 1651 2161 1690 rebus
2183 1651 2394 1705 inpressit3
2419 1651 2547 1691 homi-

1322 1739 1475 1779 nesque
1500 1734 1617 1764 antea
1642 1724 1877 1764 dissociatos
1898 1723 2185 1763 iucundissimo
2207 1723 2308 1761 inter
2331 1736 2373 1761 se
2397 1736 2549 1762 sermo-

1323 1797 1383 1837 nis
1417 1796 1549 1836 uinclo
1583 1795 1835 1849 concligauit.
1898 1795 1938 1834 A
1959 1794 2074 1833 simili
2109 1794 2228 1833 etiam
2266 1802 2415 1842 mente,
2438 1792 2550 1833 uocis

1326 1868 1392 1922 qui
1415 1868 1653 1907 uidebantur
1675 1866 1813 1906 infiniti
1836 1866 1935 1915 soni,
1958 1865 2096 1918 paucis
2118 1864 2220 1904 notis
2254 1864 2437 1914 inuentis,
2462 1874 2551 1904 sunt

1323 1952 1465 1979 omnes
1488 1938 1627 1992 signati
1646 1947 1685 1977 et
1707 1937 1902 1991 expressi,
1920 1937 2062 1990 quibus
2080 1945 2120 1976 et
2137 1935 2347 1989 conloquia
2365 1950 2458 1976 cum
2481 1935 2550 1975 ab·

1324 2010 1502 2050 sentibus
1524 2017 1563 2048 et
1585 2008 1732 2048 indicia
1766 2008 2029 2057 uoluntatum,
2053 2016 2092 2047 et
2124 2016 2382 2047 monumenta
2416 2020 2551 2047 rerum

1324 2081 1629 2135 praeteritarum
1651 2089 1895 2120 tenerentur.
1958 2080 2145 2120 Accessit
2178 2094 2227 2120 eo
2260 2094 2464 2130 numerus,
2487 2093 2552 2120 res

1326 2167 1420 2193 cum
1444 2152 1494 2192 ad
1517 2152 1640 2192 uitam
1662 2152 1905 2201 necessaria,
1928 2161 2012 2191 tum
2034 2167 2113 2192 una
2135 2152 2374 2192 inmutabilis
2409 2160 2448 2191 et
2484 2165 2551 2191 ae-

1326 2232 1467 2263 terna:
1502 2237 1605 2277 quae
1627 2224 1757 2278 prima
1778 2223 1933 2277 impulit
1966 2224 2085 2263 etiam
2120 2233 2162 2263 ut
2196 2224 2492 2278 suspiceremus
2514 2223 2553 2262 in

1326 2295 1499 2344 caelum,
1523 2309 1599 2334 nec
1622 2294 1763 2335 frustra
1787 2295 1964 2334 siderum
2002 2305 2132 2335 motus
2154 2296 2414 2345 intueremur,
2438 2295 2551 2335 dinu-

1323 2367 1695 2421 merationibusque
1719 2368 1895 2407 noctium
1918 2382 1963 2407 ac
1984 2367 2138 2406 dierum
2163 2397 2316 2406 .....

1389 2482 1575 2512 Desiderari
1596 2483 1745 2513 uidentur
1767 2484 1906 2522 paginae
1923 2493 1980 2513 nec
1998 2484 2101 2513 minus
2118 2490 2191 2514 octo
2207 2493 2266 2514 nec
2283 2485 2352 2522 plus
2370 2485 2489 2513 decem.

1385 2585 1459 2627 ΠΙ.
1486 2617 1495 2625 .
1523 2617 1532 2625 .
1560 2617 1568 2625 .
1595 2600 1763 2640 quorum
1788 2586 1906 2625 animi
1931 2585 2044 2625 altius
2079 2600 2121 2626 se
2158 2586 2399 2635 extulerunt,
2424 2594 2462 2625 et
2486 2585 2555 2624 ali-

1328 2658 1421 2711 quid
1447 2658 1611 2711 dignum
1636 2659 1755 2707 dono,
1779 2667 1820 2697 ut
1844 2667 1933 2697 ante
1970 2657 2066 2706 dixi,
2091 2658 2258 2697 deorum
2292 2666 2357 2696 aut
2392 2657 2555 2696 efficere

1328 2738 1395 2768 aut
1418 2730 1648 2782 excogitare
1672 2738 1901 2783 potuerunt.
1964 2727 2104 2775 Quare
2140 2729 2213 2768 sint
2247 2728 2360 2767 nobis
2390 2728 2465 2777 isti,
2490 2727 2555 2781 qui

1329 2799 1380 2839 de
1404 2800 1555 2839 ratione
1579 2800 1741 2839 uiuendi
1767 2801 1977 2849 disserunt,
2001 2800 2132 2853 magni
2155 2800 2351 2849 homines,
2375 2810 2415 2839 ut
2452 2807 2554 2844 sunt,

1329 2871 1405 2911 sint
1422 2872 1591 2922 eruditi3
1626 2872 1700 2911 sint
1722 2872 1899 2911 ueritatis
1936 2882 1973 2911 et
2014 2872 2166 2911 uirtutis
2201 2871 2406 2925 magistri3
2440 2872 2554 2910 dum-

1330 2944 1451 2983 modo
1474 2944 1521 2984 sit
1543 2944 1645 2983 haec
1670 2943 1883 2997 quaedam,
1908 2943 1993 2982 siue
2033 2957 2050 2982 a
2089 2943 2183 2982 uiris
2206 2944 2242 2983 in
2272 2957 2403 2982 rerum
2427 2942 2554 2996 publi-

1332 3029 1469 3056 carum
1491 3017 1685 3057 uarietate
1703 3017 1870 3056 uersatis
1893 3015 2067 3064 inuenta,
2087 3016 2170 3056 siue
2189 3015 2308 3056 etiam
2331 3015 2368 3055 in
2392 3014 2555 3055 istorum
