1611 2708
190 240 280 285 102
593 262 656 292 DE
694 264 756 294 RE
795 265 1005 297 PvssLmA

184 364 215 403 si
238 367 372 407 onmia
393 368 495 409 haec
520 371 569 410 ad
605 372 813 414 utilitatem
836 375 1074 427 referantur,
1112 379 1242 418 uirum
1264 379 1412 420 bonum

182 450 262 476 non
283 452 402 492 posse
440 442 620 494 reperiri.
683 444 832 500 Deque
869 447 930 488 his
962 449 1082 489 rebus
1116 450 1208 490 satis
1231 451 1355 492 multa
1376 452 1415 491 in

183 512 326 551 nostris
350 512 400 552 de
423 527 466 553 re
489 515 650 568 publica
672 516 780 558 libris
803 527 893 559 sunt
910 519 1016 560 dicta
1039 534 1061 560 a
1083 519 1241 561 Laelio.
1303 520 1417 562 Cice-

186 595 231 621 ro
255 581 396 637 defin.
420 583 480 625 II.
510 585 650 626 lest-²*

245 658 266 678 *ἓ
284 657 305 678 *²
325 654 382 705 Si,
406 665 448 696 ut
468 671 541 697 nos
574 672 597 698 a
617 668 656 698 te
692 659 971 712 admonemur,
1006 672 1117 704 recte
1139 664 1179 703 in
1212 663 1288 704 illis
1309 664 1419 705 libris

187 726 375 777 diximus,
409 728 503 768 nihil
527 743 615 769 esse
639 730 788 771 bonum
817 732 891 772 nisi
915 734 1022 787 quod
1051 735 1292 786 honestum3
1322 735 1420 775 nihil

188 798 338 838 malum
365 799 438 839 nisi
463 801 570 853 quod
593 810 709 856 turpe
733 803 794 843 sit.
866 803 1008 844 Cicero
1031 804 1086 844 acl
1105 805 1195 845 Act.
1221 804 1278 845 X.
1303 809 1345 845 4.
1361 808 1420 831 *³⁸

247 869 500 911 ΗΧΧΧῙΙΙ.
535 872 687 914 Laetor
718 875 877 928 probari
913 875 983 916 tibi
1015 882 1187 924 φυσικην
1212 890 1301 917 esse
1342 877 1421 924 ’τήν

189 942 284 992 πρός
307 943 358 980 πὶ
379 941 502 978 τέκτα
537 945 685 985 etenim
723 947 754 986 si
788 947 891 988 haec
925 961 1004 987 non
1037 957 1109 997 est,
1147 948 1254 988 nulla
1289 955 1423 1002 potest

190 1012 339 1053 homini
363 1028 452 1054 esse
476 1016 526 1055 ad
550 1017 753 1058 hominem
775 1028 941 1059 naturae
965 1019 1194 1070 adiuncti03
1227 1033 1305 1072 qua
1328 1018 1421 1058 sub-

190 1084 283 1134 lata,
307 1085 412 1126 uitae
428 1087 599 1127 societas
620 1089 781 1129 tollitur.
835 1089 952 1129 Bene
972 1090 1145 1140 eueniat,
1168 1090 1296 1144 inquit
1317 1088 1422 1130 Car-

193 1156 371 1197 neades:
404 1173 548 1212 spurce
568 1175 579 1211 3
604 1160 676 1199 sed
698 1170 833 1201 tamen
855 1161 1092 1215 prudentius
1125 1174 1245 1215 quam
1268 1160 1424 1201 Lucius

195 1238 327 1268 noster
349 1238 388 1269 et
410 1229 560 1270 Patro:
593 1231 659 1285 qui
682 1246 774 1271 cum
798 1232 933 1272 omnia
955 1233 1006 1272 ad
1029 1246 1071 1272 se
1094 1230 1284 1282 referant,
1309 1231 1425 1286 quid-

177 1304 313 1353 'quam
337 1300 497 1341 alterius
515 1307 638 1342 causa
652 1303 737 1342 fieri
759 1303 930 1357 putent?
964 1312 1004 1344 et
1026 1318 1119 1344 cum
1135 1317 1184 1343 ea
1206 1318 1250 1344 re
1273 1304 1425 1344 bonum

196 1371 323 1411 uirum
360 1382 546 1426 oportere
581 1387 670 1414 esse
706 1374 854 1424 dicant,
886 1389 937 1415 ne
974 1375 1125 1415 malum
1146 1375 1308 1425 habeat,
1346 1388 1426 1415 non

197 1457 274 1497 quo
297 1444 337 1484 id
359 1454 500 1485 natura
521 1454 676 1485 rectum
699 1446 760 1495 sit,
783 1460 862 1486 non
884 1446 1119 1499 intellegunt
1140 1459 1183 1486 se
1207 1446 1258 1486 de
1281 1445 1428 1486 callido

198 1516 358 1556 homine
381 1517 504 1570 loqui,
542 1532 621 1557 non
659 1518 710 1558 de
732 1518 839 1558 bono
873 1518 974 1558 uiro.
1040 1518 1124 1557 Sed
1147 1518 1250 1558 haec
1286 1517 1428 1572 opinor

199 1597 288 1651 sunt
309 1588 347 1627 in
369 1588 416 1628 iis
437 1588 559 1638 libris,
596 1603 695 1642 quos
717 1598 758 1628 tu
780 1588 984 1629 laudando
1019 1588 1171 1629 animos
1193 1587 1291 1628 mihi
1313 1588 1428 1628 addi-

200 1660 304 1701 disti.
375 1659 516 1700 Cicero
539 1660 594 1700 acl
612 1660 702 1700 Att.
734 1658 837 1701 VII.
860 1663 902 1700 2.
919 1663 940 1684 ³*
955 1661 976 1683 ³⁸

258 1731 376 1771 *ΗΠ
419 1732 562 1785 quibus
596 1732 804 1782 assentior,
839 1731 1048 1772 sollicitam
1086 1740 1125 1771 et
1161 1730 1431 1785 periculosam

202 1803 387 1844 iustitiam
424 1817 503 1843 non
526 1817 614 1843 esse
652 1803 855 1857 sapientis.
917 1801 1160 1843 Priscianus
1191 1800 1262 1842 lib.
1302 1799 1430 1843 VIII.

198 1891 240 1931 p.
267 1879 365 1916 801.
381 1876 402 1896 *⁴*
418 1876 440 1898 ²³*

261 1946 536 1988 **XXV111.
567 1945 696 2002 Apud
740 1945 971 1987 Ciceronem
1003 1945 1108 1986 idem
1142 1943 1211 1986 ille
1251 1941 1432 1984 iustitiae

204 2018 388 2074 deffensor
432 2017 616 2069 Laelius,
659 2018 757 2069 uult,
798 2017 946 2073 inquit,
980 2017 1099 2071 plane
1141 2017 1266 2057 uirtus
1307 2015 1434 2056 hono-

207 2106 320 2143 rem;
352 2104 430 2131 nec
452 2099 512 2131 est
532 2090 685 2130 uirtutis
707 2089 788 2129 ulla
809 2089 886 2129 alia
922 2102 1109 2139 merces3
1147 2100 1265 2141 quam
1298 2095 1435 2126 tamen

206 2164 286 2214 illa,
308 2163 447 2217 inquit,
471 2161 617 2216 accipit
638 2160 770 2211 facile,
798 2160 923 2214 exigit
943 2174 1022 2200 non
1045 2159 1207 2200 acerbe.
1270 2156 1330 2198 Et
1353 2155 1437 2198 alio

208 2236 292 2277 loco
314 2235 418 2276 idem
454 2233 652 2276 Laelius:
685 2231 795 2274 Huic
827 2241 869 2272 tu
905 2231 992 2273 uiro
1029 2245 1128 2286 quas
1158 2230 1317 2272 diuitias
1352 2228 1439 2270 obi-

210 2309 323 2352 cies?
358 2321 461 2365 quae
482 2305 682 2364 imperia?
717 2319 820 2363 quae
841 2303 997 2360 regna?
1031 2304 1098 2361 qui
1119 2304 1194 2348 ista
1223 2310 1335 2360 putat
1364 2301 1440 2343 hu·
1470 2315 1473 2318 “
