1611 2708
263 242 353 290 106
664 258 727 288 DE
764 257 826 288 RE
863 257 1072 290 PvssL1CA

256 383 335 410 non
371 367 557 423 placebat
587 366 798 421 Syracusis
832 366 952 408 fuisse
986 381 1074 407 rem
1109 366 1311 422 publicam
1343 382 1474 424 neque

255 440 478 494 Agrigenti,
500 452 633 492 neque
656 439 840 489 Athenis,
858 453 954 493 qum
978 448 1112 480 essent
1132 440 1314 494 tyranni3
1345 455 1477 495 neque

256 510 410 553 Romae
426 524 520 564 qum
543 510 763 551 decemuiri
781 525 790 550 :
812 525 888 552 nec
910 512 1030 552 uideo
1049 512 1114 566 qui
1137 512 1263 566 magis
1285 512 1323 552 in
1345 512 1477 552 multi-

255 582 402 622 tudinis
439 581 643 622 dominatu
677 582 734 623 rei
757 582 942 638 publicae
964 598 1111 624 nomen
1135 594 1352 638 appareat:
1386 584 1479 637 quia

221 683 227 701 ,-
255 653 427 707 primum
465 653 559 693 mihi
594 653 763 707 populus
796 668 873 694 non
898 664 970 704 est,
994 664 1035 694 ut
1056 664 1097 694 tu
1119 655 1268 708 optime
1292 655 1478 704 definisti,

258 722 410 777 Scipio,
433 723 506 763 nisi
529 723 594 778 qui
617 738 814 765 consensu
837 725 930 765 iuris
947 726 1196 766 continetur:
1229 726 1302 766 sed
1325 736 1384 766 est
1397 735 1479 766 tam

254 804 445 848 tyrannus
467 794 540 835 iste
559 803 780 836 conuentus
798 809 917 850 quam
935 796 966 836 si
982 805 1088 836 esset
1108 810 1237 847 unus;
1259 796 1335 836 hoc
1359 797 1478 836 etiam

254 866 430 915 taetrior,
450 865 542 919 quia
561 866 657 905 nihil
678 866 765 917 ista,
786 881 888 921 quae
909 867 1046 921 populi
1069 867 1248 921 speciem
1271 876 1311 907 et
1331 881 1478 908 nomen

254 936 441 986 imitatur,
460 937 670 978 immanius
691 938 811 978 belua
833 948 880 979 st.
943 938 985 978 N
988 953 1035 979 ec
1059 952 1156 979 uero
1174 939 1361 979 conuenit
1384 953 1479 993 qum

257 1005 509 1048 surioisorum
530 1008 636 1049 bona
656 1008 811 1064 legibus
832 1010 870 1050 in
893 1010 1156 1065 adgnatorum
1177 1019 1373 1066 potestate
1389 1010 1478 1059 sint,

257 1079 363 1134 quod
387 1094 526 1121 eorum
548 1080 627 1120 iam
652 1111 806 1122 .....

623 1197 855 1228 Desiderantur
869 1197 1009 1238 paginae
1025 1204 1108 1230 octo.

315 1298 521 1343 XXXIV.
548 1334 557 1343 .
584 1335 593 1345 .
621 1335 629 1344 .
655 1300 733 1345 diei
755 1304 918 1359 possint,
949 1319 1020 1345 cur
1042 1303 1107 1345 illa
1141 1305 1190 1345 sit
1225 1318 1290 1345 res
1319 1304 1482 1359 publica

255 1387 400 1429 resque
422 1374 572 1430 populi,
598 1390 700 1430 quae
724 1385 813 1417 sunt
835 1375 942 1416 dicta
969 1375 1019 1417 de
1048 1376 1204 1431 regno?
1268 1376 1324 1417 Et
1356 1377 1482 1417 multo

257 1446 376 1487 etiam
398 1448 540 1501 inagis,
563 1448 689 1501 inquit
711 1447 958 1487 Mummius:
991 1462 1083 1488 nam
1110 1448 1146 1488 in
1182 1461 1320 1502 regem
1354 1447 1484 1504 potius

256 1520 365 1561 cadit
387 1519 534 1559 domini
570 1518 799 1568 similitudo,
824 1519 931 1571 quod
965 1528 1024 1558 est
1055 1533 1182 1558 unus:
1213 1518 1348 1571 plures
1380 1530 1479 1556 uero

256 1591 349 1632 boni
371 1591 409 1630 in
433 1605 510 1644 qua
531 1604 574 1629 re
603 1589 764 1643 publica
800 1602 933 1628 rerum
969 1589 1182 1642 potientur,
1205 1587 1300 1627 nihil
1338 1587 1483 1641 poterit

258 1678 347 1705 esse
369 1663 434 1702 illa
455 1662 623 1702 beatius.
689 1661 773 1701 Sed
790 1670 925 1700 tamen
947 1661 1012 1700 uel
1034 1674 1202 1713 regnum
1225 1659 1345 1709 malo,
1362 1672 1481 1713 quam

258 1735 426 1775 liberum
445 1733 667 1788 populum3
699 1733 739 1772 id
762 1733 869 1772 enim
900 1731 967 1772 tibi
1003 1740 1125 1772 restat
1158 1744 1284 1785 genus
1313 1730 1482 1770 uitiosis-

258 1819 397 1848 sumae
421 1805 477 1845 rei
498 1805 684 1859 publicae
706 1804 881 1844 tertium.

318 1875 503 1918 XXXV.
558 1874 665 1916 Hoic
690 1875 843 1929 Scipio,
866 1875 1083 1928 adgnosco,
1107 1874 1244 1928 inquit,
1262 1883 1373 1914 tuum
1399 1886 1485 1913 mo-

260 1964 346 1991 rem
389 1950 520 1998 istum,
554 1948 687 2002 Spuri,
724 1961 910 1988 auersum
952 1961 973 1987 a
1016 1947 1166 1987 ratione
1204 1946 1412 2002 populari:
1446 1955 1485 1985 et

261 2034 502 2076 quamquain
526 2028 655 2074 potest
677 2019 716 2059 id
738 2019 866 2059 lenius
888 2017 995 2068 ferri,
1020 2032 1137 2072 quam
1171 2028 1210 2058 tu
1234 2017 1338 2057 soles
1361 2016 1481 2067 serre,

260 2102 395 2133 tamen
418 2091 618 2131 adsentior
640 2090 790 2131 nullum
824 2104 913 2130 esse
937 2090 987 2130 de
1010 2090 1133 2130 tribus
1162 2089 1222 2130 his
1256 2089 1483 2143 generibus,

263 2164 369 2218 quod
392 2163 440 2203 sit
460 2162 711 2217 probandum
734 2162 877 2201 minus.
940 2160 1041 2201 Illud
1065 2173 1199 2200 tamen
1236 2174 1314 2200 non
1338 2159 1483 2200 adsen-

260 2235 336 2274 tior
357 2234 439 2285 tibi,
462 2242 665 2288 praestaro
703 2233 785 2287 rogi
820 2233 1060 2287 optimates:
1094 2234 1125 2272 si
1148 2233 1254 2272 enim
1289 2230 1483 2286 sapientia

262 2315 334 2357 est,
359 2320 460 2360 quae
495 2306 691 2360 gubernet
712 2319 797 2346 rem
819 2305 1035 2359 publicam,
1060 2305 1154 2362 quid
1177 2304 1339 2345 tandein
1362 2304 1481 2343 inter-
