1611 2708
676 222 825 254 LlssER
863 223 894 253 1.
1371 212 1400 258 7

176 329 540 383 quodcogerentur
564 329 698 372 facere
720 331 889 386 legibus.
954 330 1066 386 Ergo
1099 332 1164 373 illc
1200 333 1299 374 ciuis
1334 336 1400 389 qui

173 400 214 441 id
252 401 359 455 cogit
394 403 523 442 omnis
558 403 728 457 imperio
760 404 976 459 legumque
1010 418 1156 459 poena,
1191 405 1299 459 quod
1332 406 1401 446 uix

173 473 313 527 paucis
334 464 784 528 persuadere‘bratione
819 475 1044 529 philosophi
1077 485 1257 530 possunt,
1281 476 1402 516 etiam

172 545 248 594 his,
272 545 337 598 qui
360 544 425 584 illa
447 545 663 599 disputant,
686 545 781 600 ipsis
808 555 868 585 est
902 547 1193 600 praeferendus
1227 548 1401 588 doctori-

174 616 261 656 bus.
326 615 447 664 Quae
470 617 619 657 etenim
641 617 806 657 istorum
824 617 950 657 oratio
967 627 1048 657 tam
1067 619 1277 672 exquisita,
1297 632 1400 672 quae

172 687 221 728 sit
243 689 525 742 anteponenda
546 688 650 728 bene
674 688 912 729 constitutae
942 689 1105 739 ciuitati,
1128 689 1289 743 publico
1311 689 1399 740 iuri,

174 768 214 799 et
235 759 447 800 moribus?
482 759 688 813 Equidem
712 760 1057 813 quemadmodum
1084 761 1203 800 urbes
1235 774 1403 814 magnas

174 839 293 884 atque
315 831 550 884 imperiosas,
573 840 615 870 ut
637 830 812 884 appellat
834 830 1005 881 Ennius,
1029 830 1171 871 uiculis
1194 840 1234 871 et
1255 831 1402 871 castel-

174 902 219 942 lis
241 901 529 956 praeserendas
551 911 662 956 puto,
685 902 742 942 sic
766 915 836 942 eos
859 902 924 956 qui
947 902 1007 942 his
1039 902 1203 942 urbibus
1235 902 1402 943 consilio

175 983 294 1027 atque
333 974 568 1014 auctoritate
610 982 814 1028 praesunt,
837 973 898 1013 his
936 973 1001 1027 qui
1039 973 1169 1014 omnis
1212 977 1238 996 ‘⁴
1253 973 1402 1027 negotii

173 1044 323 1098 publici
345 1044 562 1100 expertes’?
597 1045 685 1094 sint,
708 1045 825 1098 longe
850 1045 956 1085 duco
989 1045 1182 1099 sapientia
1203 1045 1290 1099 ipsa
1312 1058 1401 1085 esse

175 1117 492 1170 anteponendos.
556 1115 611 1156 Et
634 1116 822 1170 quoniam
840 1116 1018 1156 maxime
1035 1115 1212 1170 rapimur
1230 1116 1280 1156 ad
1303 1129 1403 1170 opes

175 1188 380 1241 augendas
402 1188 560 1242 generis
574 1187 760 1237 humani,
784 1187 1073 1242 studemusque
1106 1188 1249 1228 nostris
1271 1187 1403 1228 consi-

175 1259 236 1300 liis
258 1269 298 1300 et
318 1259 520 1300 laboribus
540 1259 728 1299 tutiorem
751 1268 791 1299 et
812 1259 1105 1313 opulentiorem
1128 1259 1251 1299 uitam
1273 1258 1403 1299 homi-

175 1344 271 1370 num
301 1330 489 1379 reddere,
514 1339 553 1369 et
575 1330 625 1369 ad
648 1330 752 1370 hanc
794 1330 1040 1383 uoluptatem
1077 1330 1200 1384 ipsius
1236 1339 1403 1371 naturae

175 1401 342 1441 stimulis
364 1401 601 1451 incitamur3
633 1410 843 1440 teneamus
876 1414 969 1439 eum
1001 1415 1178 1450 cursum,
1207 1402 1273 1455 qui
1296 1415 1403 1441 sem-

174 1487 247 1528 per
269 1471 342 1512 fuit
362 1473 500 1526 optimi
534 1472 729 1526 cuiusque
746 1487 758 1523 3
790 1485 923 1526 neque
953 1485 1002 1511 ea
1036 1471 1147 1526 signa
1176 1472 1401 1522 audiamus,

175 1558 278 1598 quae
300 1545 480 1599 receptui
503 1553 664 1595 canunt,
689 1553 731 1584 ut
752 1557 823 1584 eos
849 1544 970 1583 etiam
1002 1553 1210 1595 reuocent,
1234 1545 1300 1599 qui
1322 1545 1402 1585 iam

173 1616 458 1670 processerint.

233 1687 307 1728 III.
361 1686 439 1728 His
472 1687 690 1728 rationibus
722 1697 804 1728 tam
837 1688 956 1728 certis
988 1697 1150 1742 tamque
1173 1688 1401 1730 inlustribus

174 1769 428 1813 opponuntur
462 1760 510 1800 ab
545 1760 619 1810 his,
644 1760 710 1814 qui
732 1770 871 1800 contra
906 1759 1120 1813 disputant,
1142 1759 1316 1813 primum
1344 1760 1401 1800 la-

175 1830 294 1870 bores
317 1831 381 1884 qui
405 1831 480 1870 sint
501 1845 544 1871 re
566 1831 727 1885 publica
750 1830 1008 1871 defendenda
1031 1831 1277 1871 sustinendi:
1309 1831 1400 1871 leue

174 1915 271 1942 sane
298 1902 615 1956 inpedimentum
649 1903 825 1956 uigilanti
859 1912 899 1942 et
931 1902 1151 1953 industri03
1182 1916 1315 1957 neque
1338 1917 1402 1943 so-

174 1973 256 2013 lum
279 1974 317 2013 in
340 1974 456 2013 tantis
478 1974 612 2024 rebus,
645 1983 705 2014 set
727 1975 847 2014 etiam
869 1974 907 2014 in
939 1974 1211 2014 mediocribus
1232 1973 1299 2014 uel
1321 1984 1402 2014 stu-

176 2045 250 2086 diis
267 2045 333 2086 uel
354 2046 494 2086 officiis
512 2047 577 2086 uel
599 2060 697 2086 uero
719 2046 839 2086 etiam
854 2046 1022 2099 negotiis
1044 2045 1401 2086 contemnendum.

176 2117 458 2171 Adiunguntur
490 2118 668 2172 pericula
690 2118 811 2168 uitae,
838 2118 1043 2172 turpisque
1077 2118 1126 2158 ab
1148 2118 1208 2157 his
1231 2116 1403 2157 formido

176 2188 314 2228 mortis
348 2188 512 2229 sortibus
535 2189 629 2229 uiris
660 2189 898 2243 opponitur:
932 2189 1074 2243 quibus
1105 2189 1232 2242 magis
1265 2188 1306 2228 id
1328 2188 1402 2228 mi-

177 2273 312 2300 serum
344 2260 472 2301 uideri
504 2260 618 2311 solet,
651 2270 792 2302 natura
824 2276 866 2302 se
899 2261 1081 2302 consumi
1114 2270 1154 2302 et
1179 2270 1402 2310 senectute,
